{
    "currency_symbol": "USD",
    "quarterly": {
        "2025-06-30": {
            "date": "2025-06-30",
            "filing_date": "2025-06-30",
            "currency_symbol": "USD",
            "researchDevelopment": "3547337000.00",
            "effectOfAccountingCharges": null,
            "incomeBeforeTax": "3210571000.00",
            "minorityInterest": "2000000.00",
            "netIncome": "2515478000.00",
            "sellingGeneralAdministrative": "4864000000.00",
            "sellingAndMarketingExpenses": "143000000.00",
            "grossProfit": "11158455000.00",
            "reconciledDepreciation": "1389000000.00",
            "ebit": "3671571000.00",
            "ebitda": "5097693000.00",
            "depreciationAndAmortization": "1426122000.00",
            "nonOperatingIncomeNetOther": null,
            "operatingIncome": "3506268000.00",
            "otherOperatingExpenses": "11337105000.00",
            "interestExpense": "450733000.00",
            "taxProvision": "679000000.00",
            "interestIncome": "68000000.00",
            "netInterestIncome": "-371000000.00",
            "extraordinaryItems": null,
            "nonRecurring": null,
            "otherItems": null,
            "incomeTaxExpense": "697147000.00",
            "totalRevenue": "14843374000.00",
            "totalOperatingExpenses": "7652187000.00",
            "costOfRevenue": "3684919000.00",
            "totalOtherIncomeExpenseNet": "-295697000.00",
            "discontinuedOperations": null,
            "netIncomeFromContinuingOps": "2448000000.00",
            "netIncomeApplicableToCommonShares": null,
            "preferredStockAndOtherAdjustments": null
        },
        "2025-03-31": {
            "date": "2025-03-31",
            "filing_date": null,
            "currency_symbol": "USD",
            "researchDevelopment": "3159000000.00",
            "effectOfAccountingCharges": null,
            "incomeBeforeTax": "3402000000.00",
            "minorityInterest": "-5000000.00",
            "netIncome": "2916000000.00",
            "sellingGeneralAdministrative": "4627000000.00",
            "sellingAndMarketingExpenses": null,
            "grossProfit": "11347000000.00",
            "reconciledDepreciation": "1284000000.00",
            "ebit": null,
            "ebitda": null,
            "depreciationAndAmortization": null,
            "nonOperatingIncomeNetOther": null,
            "operatingIncome": "3674000000.00",
            "otherOperatingExpenses": null,
            "interestExpense": "349000000.00",
            "taxProvision": "481000000.00",
            "interestIncome": "84000000.00",
            "netInterestIncome": "-265000000.00",
            "extraordinaryItems": null,
            "nonRecurring": null,
            "otherItems": null,
            "incomeTaxExpense": null,
            "totalRevenue": "13588000000.00",
            "totalOperatingExpenses": "9914000000.00",
            "costOfRevenue": "2241000000.00",
            "totalOtherIncomeExpenseNet": null,
            "discontinuedOperations": null,
            "netIncomeFromContinuingOps": "2921000000.00",
            "netIncomeApplicableToCommonShares": null,
            "preferredStockAndOtherAdjustments": null
        },
        "2025-03-30": {
            "date": "2025-03-30",
            "filing_date": "2025-03-30",
            "currency_symbol": null,
            "researchDevelopment": "3173368425.00",
            "effectOfAccountingCharges": null,
            "incomeBeforeTax": "3494917250.00",
            "minorityInterest": null,
            "netIncome": "2995643357.00",
            "sellingGeneralAdministrative": "4442000000.00",
            "sellingAndMarketingExpenses": "132000000.00",
            "grossProfit": "10671722631.00",
            "reconciledDepreciation": null,
            "ebit": "3860640513.00",
            "ebitda": "5179709809.00",
            "depreciationAndAmortization": "1319069296.00",
            "nonOperatingIncomeNetOther": null,
            "operatingIncome": "3782564760.00",
            "otherOperatingExpenses": "10176557989.00",
            "interestExpense": "358532075.00",
            "taxProvision": null,
            "interestIncome": null,
            "netInterestIncome": null,
            "extraordinaryItems": null,
            "nonRecurring": null,
            "otherItems": null,
            "incomeTaxExpense": "494137328.00",
            "totalRevenue": "13959122749.00",
            "totalOperatingExpenses": "6889157870.00",
            "costOfRevenue": "3287400117.00",
            "totalOtherIncomeExpenseNet": "-287647510.00",
            "discontinuedOperations": null,
            "netIncomeFromContinuingOps": null,
            "netIncomeApplicableToCommonShares": null,
            "preferredStockAndOtherAdjustments": null
        },
        "2024-12-31": {
            "date": "2024-12-31",
            "filing_date": "2024-12-31",
            "currency_symbol": "USD",
            "researchDevelopment": "3486146000.00",
            "effectOfAccountingCharges": null,
            "incomeBeforeTax": "1626412000.00",
            "minorityInterest": "0.00",
            "netIncome": "1464357000.00",
            "sellingGeneralAdministrative": "5410000000.00",
            "sellingAndMarketingExpenses": "143000000.00",
            "grossProfit": "9845360000.00",
            "reconciledDepreciation": "2337000000.00",
            "ebit": "2050100000.00",
            "ebitda": "4331568000.00",
            "depreciationAndAmortization": "2281468000.00",
            "nonOperatingIncomeNetOther": null,
            "operatingIncome": "1987620000.00",
            "otherOperatingExpenses": "12549539000.00",
            "interestExpense": "418806000.00",
            "taxProvision": "166000000.00",
            "interestIncome": "64000000.00",
            "netInterestIncome": "-365000000.00",
            "extraordinaryItems": null,
            "nonRecurring": null,
            "otherItems": null,
            "incomeTaxExpense": "162056000.00",
            "totalRevenue": "14537160000.00",
            "totalOperatingExpenses": "7857739000.00",
            "costOfRevenue": "4691800000.00",
            "totalOtherIncomeExpenseNet": "-361208000.00",
            "discontinuedOperations": null,
            "netIncomeFromContinuingOps": "1500000000.00",
            "netIncomeApplicableToCommonShares": null,
            "preferredStockAndOtherAdjustments": null
        },
        "2024-09-30": {
            "date": "2024-09-30",
            "filing_date": "2024-09-30",
            "currency_symbol": "USD",
            "researchDevelopment": "3160477000.00",
            "effectOfAccountingCharges": null,
            "incomeBeforeTax": "1881873000.00",
            "minorityInterest": "-4000000.00",
            "netIncome": "1471114000.00",
            "sellingGeneralAdministrative": "5143000000.00",
            "sellingAndMarketingExpenses": "145000000.00",
            "grossProfit": "9926162000.00",
            "reconciledDepreciation": "1817000000.00",
            "ebit": "2356460000.00",
            "ebitda": "4227009000.00",
            "depreciationAndAmortization": "1870549000.00",
            "nonOperatingIncomeNetOther": null,
            "operatingIncome": "2868107000.00",
            "otherOperatingExpenses": "11096670000.00",
            "interestExpense": "470468000.00",
            "taxProvision": "395000000.00",
            "interestIncome": "183000000.00",
            "netInterestIncome": "-274000000.00",
            "extraordinaryItems": null,
            "nonRecurring": null,
            "otherItems": null,
            "incomeTaxExpense": "406641000.00",
            "totalRevenue": "13964777000.00",
            "totalOperatingExpenses": "7058055000.00",
            "costOfRevenue": "4038616000.00",
            "totalOtherIncomeExpenseNet": "-986233000.00",
            "discontinuedOperations": null,
            "netIncomeFromContinuingOps": "1433000000.00",
            "netIncomeApplicableToCommonShares": null,
            "preferredStockAndOtherAdjustments": null
        },
        "2024-06-30": {
            "date": "2024-06-30",
            "filing_date": "2024-06-30",
            "currency_symbol": "USD",
            "researchDevelopment": "2885036587.00",
            "effectOfAccountingCharges": null,
            "incomeBeforeTax": "2404531537.00",
            "minorityInterest": "-1000000.00",
            "netIncome": "1933054764.00",
            "sellingGeneralAdministrative": "4929000000.00",
            "sellingAndMarketingExpenses": "132000000.00",
            "grossProfit": "9823770272.00",
            "reconciledDepreciation": "1279000000.00",
            "ebit": "2854942330.00",
            "ebitda": "4137961034.00",
            "depreciationAndAmortization": "1283018704.00",
            "nonOperatingIncomeNetOther": null,
            "operatingIncome": "2848923473.00",
            "otherOperatingExpenses": "10129728603.00",
            "interestExpense": "444391935.00",
            "taxProvision": "469000000.00",
            "interestIncome": "100000000.00",
            "netInterestIncome": "-343000000.00",
            "extraordinaryItems": null,
            "nonRecurring": null,
            "otherItems": null,
            "incomeTaxExpense": "470473629.00",
            "totalRevenue": "12978652076.00",
            "totalOperatingExpenses": "6974846799.00",
            "costOfRevenue": "3154881803.00",
            "totalOtherIncomeExpenseNet": "-444391935.00",
            "discontinuedOperations": null,
            "netIncomeFromContinuingOps": "1928000000.00",
            "netIncomeApplicableToCommonShares": null,
            "preferredStockAndOtherAdjustments": null
        },
        "2024-03-31": {
            "date": "2024-03-31",
            "filing_date": "2024-03-31",
            "currency_symbol": "USD",
            "researchDevelopment": "2671659706.00",
            "effectOfAccountingCharges": null,
            "incomeBeforeTax": "2771636599.00",
            "minorityInterest": "-1000000.00",
            "netIncome": "2156927195.00",
            "sellingGeneralAdministrative": "4495000000.00",
            "sellingAndMarketingExpenses": "135000000.00",
            "grossProfit": "9439402358.00",
            "reconciledDepreciation": "1255000000.00",
            "ebit": "3193321304.00",
            "ebitda": "4435608422.00",
            "depreciationAndAmortization": "1242287118.00",
            "nonOperatingIncomeNetOther": null,
            "operatingIncome": "3212128843.00",
            "otherOperatingExpenses": "9338435596.00",
            "interestExpense": "408816398.00",
            "taxProvision": "620000000.00",
            "interestIncome": "111000000.00",
            "netInterestIncome": "-302000000.00",
            "extraordinaryItems": null,
            "nonRecurring": null,
            "otherItems": null,
            "incomeTaxExpense": "613719532.00",
            "totalRevenue": "12550564440.00",
            "totalOperatingExpenses": "6227273514.00",
            "costOfRevenue": "3111162082.00",
            "totalOtherIncomeExpenseNet": "-440492244.00",
            "discontinuedOperations": null,
            "netIncomeFromContinuingOps": "2180000000.00",
            "netIncomeApplicableToCommonShares": null,
            "preferredStockAndOtherAdjustments": null
        },
        "2023-12-31": {
            "date": "2023-12-31",
            "filing_date": "2023-12-31",
            "currency_symbol": "USD",
            "researchDevelopment": "2969966725.00",
            "effectOfAccountingCharges": null,
            "incomeBeforeTax": "913914288.00",
            "minorityInterest": "1000000.00",
            "netIncome": "978102249.00",
            "sellingGeneralAdministrative": "13845000000.00",
            "sellingAndMarketingExpenses": "17828000000.00",
            "grossProfit": "8894617330.00",
            "reconciledDepreciation": "874000000.00",
            "ebit": "1367305435.00",
            "ebitda": "2719328022.00",
            "depreciationAndAmortization": "1352022587.00",
            "nonOperatingIncomeNetOther": null,
            "operatingIncome": "1309230614.00",
            "otherOperatingExpenses": "10941500057.00",
            "interestExpense": "453391146.00",
            "taxProvision": "-62000000.00",
            "interestIncome": "65000000.00",
            "netInterestIncome": "-343000000.00",
            "extraordinaryItems": null,
            "nonRecurring": null,
            "otherItems": null,
            "incomeTaxExpense": "-63169103.00",
            "totalRevenue": "12250730672.00",
            "totalOperatingExpenses": "7585386714.00",
            "costOfRevenue": "3356113342.00",
            "totalOtherIncomeExpenseNet": "-395316325.00",
            "discontinuedOperations": null,
            "netIncomeFromContinuingOps": "959000000.00",
            "netIncomeApplicableToCommonShares": null,
            "preferredStockAndOtherAdjustments": null
        },
        "2023-09-30": {
            "date": "2023-09-30",
            "filing_date": "2023-09-30",
            "currency_symbol": "USD",
            "researchDevelopment": "2390382246.00",
            "effectOfAccountingCharges": null,
            "incomeBeforeTax": "1587821258.00",
            "minorityInterest": "-4000000.00",
            "netIncome": "1320621312.00",
            "sellingGeneralAdministrative": "4800000000.00",
            "sellingAndMarketingExpenses": "129000000.00",
            "grossProfit": "8079434323.00",
            "reconciledDepreciation": "1282000000.00",
            "ebit": "1975165062.00",
            "ebitda": "3207360494.00",
            "depreciationAndAmortization": "1232195432.00",
            "nonOperatingIncomeNetOther": null,
            "operatingIncome": "1929990972.00",
            "otherOperatingExpenses": "9115554975.00",
            "interestExpense": "376771146.00",
            "taxProvision": "274000000.00",
            "interestIncome": "101000000.00",
            "netInterestIncome": "-291000000.00",
            "extraordinaryItems": null,
            "nonRecurring": null,
            "otherItems": null,
            "incomeTaxExpense": "263355340.00",
            "totalRevenue": "11045545949.00",
            "totalOperatingExpenses": "6149443349.00",
            "costOfRevenue": "2966111624.00",
            "totalOtherIncomeExpenseNet": "-342169713.00",
            "discontinuedOperations": null,
            "netIncomeFromContinuingOps": "1378000000.00",
            "netIncomeApplicableToCommonShares": "1374000000.00",
            "preferredStockAndOtherAdjustments": null
        },
        "2023-06-30": {
            "date": "2023-06-30",
            "filing_date": "2023-06-30",
            "currency_symbol": "USD",
            "researchDevelopment": "2600718390.00",
            "effectOfAccountingCharges": null,
            "incomeBeforeTax": "2112135356.00",
            "minorityInterest": "-2000000.00",
            "netIncome": "1839014404.00",
            "sellingGeneralAdministrative": "4986000000.00",
            "sellingAndMarketingExpenses": "131000000.00",
            "grossProfit": "8567905396.00",
            "reconciledDepreciation": "1276000000.00",
            "ebit": "2549128874.00",
            "ebitda": "3839878257.00",
            "depreciationAndAmortization": "1290749383.00",
            "nonOperatingIncomeNetOther": null,
            "operatingIncome": "1815748545.00",
            "otherOperatingExpenses": "9732209895.00",
            "interestExpense": "435981961.00",
            "taxProvision": "268000000.00",
            "interestIncome": "64000000.00",
            "netInterestIncome": "-367000000.00",
            "extraordinaryItems": null,
            "nonRecurring": null,
            "otherItems": null,
            "incomeTaxExpense": "271097831.00",
            "totalRevenue": "11547958441.00",
            "totalOperatingExpenses": "6752156849.00",
            "costOfRevenue": "2980053045.00",
            "totalOtherIncomeExpenseNet": "296386810.00",
            "discontinuedOperations": null,
            "netIncomeFromContinuingOps": "1820000000.00",
            "netIncomeApplicableToCommonShares": "1818000000.00",
            "preferredStockAndOtherAdjustments": null
        },
        "2023-03-31": {
            "date": "2023-03-31",
            "filing_date": "2023-03-31",
            "currency_symbol": "USD",
            "researchDevelopment": "2340810000.00",
            "effectOfAccountingCharges": null,
            "incomeBeforeTax": "2301136000.00",
            "minorityInterest": "-1000000.00",
            "netIncome": "1834194000.00",
            "sellingGeneralAdministrative": "4059000000.00",
            "sellingAndMarketingExpenses": "134000000.00",
            "grossProfit": "7970556000.00",
            "reconciledDepreciation": "1502000000.00",
            "ebit": "2672450000.00",
            "ebitda": "4200437000.00",
            "depreciationAndAmortization": "1527987000.00",
            "nonOperatingIncomeNetOther": null,
            "operatingIncome": "2376416000.00",
            "otherOperatingExpenses": "8690805000.00",
            "interestExpense": "371315000.00",
            "taxProvision": "458000000.00",
            "interestIncome": "78000000.00",
            "netInterestIncome": "-287000000.00",
            "extraordinaryItems": null,
            "nonRecurring": null,
            "otherItems": null,
            "incomeTaxExpense": "465924000.00",
            "totalRevenue": "11067221000.00",
            "totalOperatingExpenses": "5594140000.00",
            "costOfRevenue": "3096665000.00",
            "totalOtherIncomeExpenseNet": "-75280000.00",
            "discontinuedOperations": null,
            "netIncomeFromContinuingOps": "1804000000.00",
            "netIncomeApplicableToCommonShares": "1803000000.00",
            "preferredStockAndOtherAdjustments": null
        },
        "2022-12-31": {
            "date": "2022-12-31",
            "filing_date": "2022-12-31",
            "currency_symbol": "USD",
            "researchDevelopment": "2651092975.00",
            "effectOfAccountingCharges": null,
            "incomeBeforeTax": "815237287.00",
            "minorityInterest": "-1000000.00",
            "netIncome": "944124414.00",
            "sellingGeneralAdministrative": "4777000000.00",
            "sellingAndMarketingExpenses": "4777000000.00",
            "grossProfit": "7619010680.00",
            "reconciledDepreciation": "1480000000.00",
            "ebit": "1193515768.00",
            "ebitda": "2744352765.00",
            "depreciationAndAmortization": "1550836997.00",
            "nonOperatingIncomeNetOther": null,
            "operatingIncome": "1268961894.00",
            "otherOperatingExpenses": "10474436909.00",
            "interestExpense": "377230621.00",
            "taxProvision": "-124000000.00",
            "interestIncome": "45000000.00",
            "netInterestIncome": "-315000000.00",
            "extraordinaryItems": null,
            "nonRecurring": null,
            "otherItems": null,
            "incomeTaxExpense": "-129934990.00",
            "totalRevenue": "11743398803.00",
            "totalOperatingExpenses": "6350048786.00",
            "costOfRevenue": "4124388123.00",
            "totalOtherIncomeExpenseNet": "-453724607.00",
            "discontinuedOperations": null,
            "netIncomeFromContinuingOps": "902000000.00",
            "netIncomeApplicableToCommonShares": "901000000.00",
            "preferredStockAndOtherAdjustments": null
        },
        "2022-09-30": {
            "date": "2022-09-30",
            "filing_date": "2022-09-30",
            "currency_symbol": "USD",
            "researchDevelopment": "2222866875.00",
            "effectOfAccountingCharges": null,
            "incomeBeforeTax": "867689778.00",
            "minorityInterest": "-2000000.00",
            "netIncome": "1543396137.00",
            "sellingGeneralAdministrative": "4277000000.00",
            "sellingAndMarketingExpenses": "126000000.00",
            "grossProfit": "6605547249.00",
            "reconciledDepreciation": "1334000000.00",
            "ebit": "1185779960.00",
            "ebitda": "2441200963.00",
            "depreciationAndAmortization": "1255421003.00",
            "nonOperatingIncomeNetOther": null,
            "operatingIncome": "1222482672.00",
            "otherOperatingExpenses": "9112624876.00",
            "interestExpense": "319031273.00",
            "taxProvision": "-720000000.00",
            "interestIncome": "15000000.00",
            "netInterestIncome": "-324000000.00",
            "extraordinaryItems": null,
            "nonRecurring": null,
            "otherItems": null,
            "incomeTaxExpense": "-677588547.00",
            "totalRevenue": "10335107548.00",
            "totalOperatingExpenses": "5383064575.00",
            "costOfRevenue": "3729560299.00",
            "totalOtherIncomeExpenseNet": "-354792893.00",
            "discontinuedOperations": null,
            "netIncomeFromContinuingOps": "1642000000.00",
            "netIncomeApplicableToCommonShares": "1640000000.00",
            "preferredStockAndOtherAdjustments": null
        },
        "2022-06-30": {
            "date": "2022-06-30",
            "filing_date": "2022-06-30",
            "currency_symbol": "USD",
            "researchDevelopment": "2359345704.00",
            "effectOfAccountingCharges": null,
            "incomeBeforeTax": "239031332.00",
            "minorityInterest": "0.00",
            "netIncome": "348385747.00",
            "sellingGeneralAdministrative": "4810000000.00",
            "sellingAndMarketingExpenses": "4810000000.00",
            "grossProfit": "6527394086.00",
            "reconciledDepreciation": "1357000000.00",
            "ebit": "539030176.00",
            "ebitda": "1852250898.00",
            "depreciationAndAmortization": "1313220722.00",
            "nonOperatingIncomeNetOther": null,
            "operatingIncome": "639674942.00",
            "otherOperatingExpenses": "9783833094.00",
            "interestExpense": "300966576.00",
            "taxProvision": "-113000000.00",
            "interestIncome": "18000000.00",
            "netInterestIncome": "-293000000.00",
            "extraordinaryItems": null,
            "nonRecurring": null,
            "otherItems": null,
            "incomeTaxExpense": "-109354415.00",
            "totalRevenue": "10423508038.00",
            "totalOperatingExpenses": "5887719143.00",
            "costOfRevenue": "3896113950.00",
            "totalOtherIncomeExpenseNet": "-400643609.00",
            "discontinuedOperations": null,
            "netIncomeFromContinuingOps": "360000000.00",
            "netIncomeApplicableToCommonShares": "360000000.00",
            "preferredStockAndOtherAdjustments": null
        },
        "2022-03-31": {
            "date": "2022-03-31",
            "filing_date": "2022-03-31",
            "currency_symbol": "USD",
            "researchDevelopment": "2148749253.00",
            "effectOfAccountingCharges": null,
            "incomeBeforeTax": "540854955.00",
            "minorityInterest": "-2000000.00",
            "netIncome": "377522626.00",
            "sellingGeneralAdministrative": "4965000000.00",
            "sellingAndMarketingExpenses": "4965000000.00",
            "grossProfit": "6749439507.00",
            "reconciledDepreciation": "1309000000.00",
            "ebit": "875343909.00",
            "ebitda": "2155595512.00",
            "depreciationAndAmortization": "1280251603.00",
            "nonOperatingIncomeNetOther": null,
            "operatingIncome": "836222398.00",
            "otherOperatingExpenses": "10303629215.00",
            "interestExpense": "328620731.00",
            "taxProvision": "165000000.00",
            "interestIncome": "17000000.00",
            "netInterestIncome": "-319000000.00",
            "extraordinaryItems": null,
            "nonRecurring": null,
            "otherItems": null,
            "incomeTaxExpense": "161376251.00",
            "totalRevenue": "11139851614.00",
            "totalOperatingExpenses": "5913217107.00",
            "costOfRevenue": "4390412107.00",
            "totalOtherIncomeExpenseNet": "-295367443.00",
            "discontinuedOperations": null,
            "netIncomeFromContinuingOps": "388000000.00",
            "netIncomeApplicableToCommonShares": "386000000.00",
            "preferredStockAndOtherAdjustments": null
        },
        "2021-12-31": {
            "date": "2021-12-31",
            "filing_date": "2021-12-31",
            "currency_symbol": "USD",
            "researchDevelopment": "2417108106.00",
            "effectOfAccountingCharges": null,
            "incomeBeforeTax": "-636555177.00",
            "minorityInterest": "-1000000.00",
            "netIncome": "-347302903.00",
            "sellingGeneralAdministrative": "2286000000.00",
            "sellingAndMarketingExpenses": "5241000000.00",
            "grossProfit": "6292488062.00",
            "reconciledDepreciation": "2192000000.00",
            "ebit": "-291254015.00",
            "ebitda": "1902659429.00",
            "depreciationAndAmortization": "2193913444.00",
            "nonOperatingIncomeNetOther": null,
            "operatingIncome": "403351787.00",
            "otherOperatingExpenses": "11725226284.00",
            "interestExpense": "336293301.00",
            "taxProvision": "-290000000.00",
            "interestIncome": "1000000.00",
            "netInterestIncome": "-335000000.00",
            "extraordinaryItems": null,
            "nonRecurring": null,
            "otherItems": null,
            "incomeTaxExpense": "-290253146.00",
            "totalRevenue": "12128578072.00",
            "totalOperatingExpenses": "5889136274.00",
            "costOfRevenue": "5836090009.00",
            "totalOtherIncomeExpenseNet": "-1039906965.00",
            "discontinuedOperations": null,
            "netIncomeFromContinuingOps": "-346000000.00",
            "netIncomeApplicableToCommonShares": "-347000000.00",
            "preferredStockAndOtherAdjustments": null
        },
        "2021-09-30": {
            "date": "2021-09-30",
            "filing_date": "2021-09-30",
            "currency_symbol": "USD",
            "researchDevelopment": "2110724000.00",
            "effectOfAccountingCharges": null,
            "incomeBeforeTax": "-1961709000.00",
            "minorityInterest": "-1000000.00",
            "netIncome": "-1619562000.00",
            "sellingGeneralAdministrative": "2986000000.00",
            "sellingAndMarketingExpenses": "2986000000.00",
            "grossProfit": "4930252000.00",
            "reconciledDepreciation": "2788000000.00",
            "ebit": "-1626424000.00",
            "ebitda": "1106831000.00",
            "depreciationAndAmortization": "2733255000.00",
            "nonOperatingIncomeNetOther": null,
            "operatingIncome": "-98036000.00",
            "otherOperatingExpenses": "9770310000.00",
            "interestExpense": "328422000.00",
            "taxProvision": "-350000000.00",
            "interestIncome": "15000000.00",
            "netInterestIncome": "-320000000.00",
            "extraordinaryItems": null,
            "nonRecurring": null,
            "otherItems": null,
            "incomeTaxExpense": "-343127000.00",
            "totalRevenue": "9672273000.00",
            "totalOperatingExpenses": "5028288000.00",
            "costOfRevenue": "4742022000.00",
            "totalOtherIncomeExpenseNet": "-1863672000.00",
            "discontinuedOperations": null,
            "netIncomeFromContinuingOps": "-1651000000.00",
            "netIncomeApplicableToCommonShares": "-1652000000.00",
            "preferredStockAndOtherAdjustments": null
        },
        "2021-06-30": {
            "date": "2021-06-30",
            "filing_date": "2021-06-30",
            "currency_symbol": "USD",
            "researchDevelopment": "1780335131.00",
            "effectOfAccountingCharges": null,
            "incomeBeforeTax": "754814673.00",
            "minorityInterest": "17000000.00",
            "netIncome": "543387526.00",
            "sellingGeneralAdministrative": "3201000000.00",
            "sellingAndMarketingExpenses": "3201000000.00",
            "grossProfit": "5574168045.00",
            "reconciledDepreciation": "753000000.00",
            "ebit": "1120366289.00",
            "ebitda": "1864313210.00",
            "depreciationAndAmortization": "743946921.00",
            "nonOperatingIncomeNetOther": null,
            "operatingIncome": "1056147756.00",
            "otherOperatingExpenses": "7065025822.00",
            "interestExpense": "322080606.00",
            "taxProvision": "214000000.00",
            "interestIncome": "7000000.00",
            "netInterestIncome": "-319000000.00",
            "extraordinaryItems": null,
            "nonRecurring": null,
            "otherItems": null,
            "incomeTaxExpense": "211427145.00",
            "totalRevenue": "8121173579.00",
            "totalOperatingExpenses": "4518020289.00",
            "costOfRevenue": "2547005533.00",
            "totalOtherIncomeExpenseNet": "-301333083.00",
            "discontinuedOperations": null,
            "netIncomeFromContinuingOps": "550000000.00",
            "netIncomeApplicableToCommonShares": "550000000.00",
            "preferredStockAndOtherAdjustments": null
        },
        "2021-03-31": {
            "date": "2021-03-31",
            "filing_date": "2021-03-31",
            "currency_symbol": "USD",
            "researchDevelopment": "1640186598.00",
            "effectOfAccountingCharges": null,
            "incomeBeforeTax": "1611130148.00",
            "minorityInterest": "16000000.00",
            "netIncome": "1564038657.00",
            "sellingGeneralAdministrative": "3028000000.00",
            "sellingAndMarketingExpenses": "3028000000.00",
            "grossProfit": "6112876263.00",
            "reconciledDepreciation": "797000000.00",
            "ebit": "1918727758.00",
            "ebitda": "2717279204.00",
            "depreciationAndAmortization": "798551446.00",
            "nonOperatingIncomeNetOther": null,
            "operatingIncome": "1853601226.00",
            "otherOperatingExpenses": "6567760023.00",
            "interestExpense": "303589822.00",
            "taxProvision": "46000000.00",
            "interestIncome": "20000000.00",
            "netInterestIncome": "-283000000.00",
            "extraordinaryItems": null,
            "nonRecurring": null,
            "otherItems": null,
            "incomeTaxExpense": "46089544.00",
            "totalRevenue": "8421361251.00",
            "totalOperatingExpenses": "4259275034.00",
            "costOfRevenue": "2308484986.00",
            "totalOtherIncomeExpenseNet": "-242471078.00",
            "discontinuedOperations": null,
            "netIncomeFromContinuingOps": "1562000000.00",
            "netIncomeApplicableToCommonShares": "1561000000.00",
            "preferredStockAndOtherAdjustments": null
        },
        "2020-12-31": {
            "date": "2020-12-31",
            "filing_date": "2020-12-31",
            "currency_symbol": "USD",
            "researchDevelopment": "1758464015.00",
            "effectOfAccountingCharges": null,
            "incomeBeforeTax": "1202183659.00",
            "minorityInterest": "16000000.00",
            "netIncome": "1042510594.00",
            "sellingGeneralAdministrative": "3319000000.00",
            "sellingAndMarketingExpenses": "3319000000.00",
            "grossProfit": "6147928090.00",
            "reconciledDepreciation": "797000000.00",
            "ebit": "1539042317.00",
            "ebitda": "2360070917.00",
            "depreciationAndAmortization": "821028600.00",
            "nonOperatingIncomeNetOther": null,
            "operatingIncome": "1510198153.00",
            "otherOperatingExpenses": "6648580411.00",
            "interestExpense": "330677767.00",
            "taxProvision": "162000000.00",
            "interestIncome": "7000000.00",
            "netInterestIncome": "-314000000.00",
            "extraordinaryItems": null,
            "nonRecurring": null,
            "otherItems": null,
            "incomeTaxExpense": "166884106.00",
            "totalRevenue": "8158778565.00",
            "totalOperatingExpenses": "4637729936.00",
            "costOfRevenue": "2010850474.00",
            "totalOtherIncomeExpenseNet": "-308014493.00",
            "discontinuedOperations": null,
            "netIncomeFromContinuingOps": "1005000000.00",
            "netIncomeApplicableToCommonShares": "1012000000.00",
            "preferredStockAndOtherAdjustments": null
        },
        "2020-09-30": {
            "date": "2020-09-30",
            "filing_date": "2020-09-30",
            "currency_symbol": "USD",
            "researchDevelopment": "1479929072.00",
            "effectOfAccountingCharges": null,
            "incomeBeforeTax": "852383186.00",
            "minorityInterest": "1423000000.00",
            "netIncome": "647531422.00",
            "sellingGeneralAdministrative": "2270000000.00",
            "sellingAndMarketingExpenses": "2270000000.00",
            "grossProfit": "5384103875.00",
            "reconciledDepreciation": "801000000.00",
            "ebit": "1177148174.00",
            "ebitda": "1977568960.00",
            "depreciationAndAmortization": "800420786.00",
            "nonOperatingIncomeNetOther": null,
            "operatingIncome": "1099204577.00",
            "otherOperatingExpenses": "5644915143.00",
            "interestExpense": "323765710.00",
            "taxProvision": "202000000.00",
            "interestIncome": "7000000.00",
            "netInterestIncome": "-317000000.00",
            "extraordinaryItems": null,
            "nonRecurring": null,
            "otherItems": null,
            "incomeTaxExpense": "201853930.00",
            "totalRevenue": "6744119721.00",
            "totalOperatingExpenses": "4284899298.00",
            "costOfRevenue": "1360015845.00",
            "totalOtherIncomeExpenseNet": "-246821391.00",
            "discontinuedOperations": null,
            "netIncomeFromContinuingOps": "651000000.00",
            "netIncomeApplicableToCommonShares": "648000000.00",
            "preferredStockAndOtherAdjustments": null
        },
        "2020-06-30": {
            "date": "2020-06-30",
            "filing_date": "2020-06-30",
            "currency_symbol": "USD",
            "researchDevelopment": "1389549100.00",
            "effectOfAccountingCharges": null,
            "incomeBeforeTax": "964853097.00",
            "minorityInterest": "1421000000.00",
            "netIncome": "759031156.00",
            "sellingGeneralAdministrative": "2739000000.00",
            "sellingAndMarketingExpenses": "2739000000.00",
            "grossProfit": "5379482719.00",
            "reconciledDepreciation": "710000000.00",
            "ebit": "1311236367.00",
            "ebitda": "2024083087.00",
            "depreciationAndAmortization": "712846720.00",
            "nonOperatingIncomeNetOther": null,
            "operatingIncome": "1260031880.00",
            "otherOperatingExpenses": "5091332003.00",
            "interestExpense": "330319114.00",
            "taxProvision": "223000000.00",
            "interestIncome": "22000000.00",
            "netInterestIncome": "-307000000.00",
            "extraordinaryItems": null,
            "nonRecurring": null,
            "otherItems": null,
            "incomeTaxExpense": "223894110.00",
            "totalRevenue": "6351363883.00",
            "totalOperatingExpenses": "4119450839.00",
            "costOfRevenue": "971881162.00",
            "totalOtherIncomeExpenseNet": "-295178782.00",
            "discontinuedOperations": null,
            "netIncomeFromContinuingOps": "738000000.00",
            "netIncomeApplicableToCommonShares": "756000000.00",
            "preferredStockAndOtherAdjustments": null
        },
        "2020-03-31": {
            "date": "2020-03-31",
            "filing_date": "2020-03-31",
            "currency_symbol": "USD",
            "researchDevelopment": "1330265040.00",
            "effectOfAccountingCharges": null,
            "incomeBeforeTax": "903266386.00",
            "minorityInterest": "1438000000.00",
            "netIncome": "753527036.00",
            "sellingGeneralAdministrative": "2806000000.00",
            "sellingAndMarketingExpenses": "2806000000.00",
            "grossProfit": "5123017797.00",
            "reconciledDepreciation": "841000000.00",
            "ebit": "1227862651.00",
            "ebitda": "2040319367.00",
            "depreciationAndAmortization": "812456716.00",
            "nonOperatingIncomeNetOther": null,
            "operatingIncome": "1106139048.00",
            "otherOperatingExpenses": "5370329236.00",
            "interestExpense": "320732020.00",
            "taxProvision": "185000000.00",
            "interestIncome": "51000000.00",
            "netInterestIncome": "-281000000.00",
            "extraordinaryItems": null,
            "nonRecurring": null,
            "otherItems": null,
            "incomeTaxExpense": "178721156.00",
            "totalRevenue": "6476468285.00",
            "totalOperatingExpenses": "4016878749.00",
            "costOfRevenue": "1353450486.00",
            "totalOtherIncomeExpenseNet": "-202872662.00",
            "discontinuedOperations": null,
            "netIncomeFromContinuingOps": "750000000.00",
            "netIncomeApplicableToCommonShares": "780000000.00",
            "preferredStockAndOtherAdjustments": null
        },
        "2019-12-31": {
            "date": "2019-12-31",
            "filing_date": "2019-12-31",
            "currency_symbol": "USD",
            "researchDevelopment": "1488376757.00",
            "effectOfAccountingCharges": null,
            "incomeBeforeTax": "239096668.00",
            "minorityInterest": "1469000000.00",
            "netIncome": "311821903.00",
            "sellingGeneralAdministrative": "3265000000.00",
            "sellingAndMarketingExpenses": "3092000000.00",
            "grossProfit": "4276841646.00",
            "reconciledDepreciation": "1643000000.00",
            "ebit": "613681446.00",
            "ebitda": "2250497384.00",
            "depreciationAndAmortization": "1636815938.00",
            "nonOperatingIncomeNetOther": null,
            "operatingIncome": "465242266.00",
            "otherOperatingExpenses": "6566192241.00",
            "interestExpense": "349678875.00",
            "taxProvision": "-37000000.00",
            "interestIncome": "12000000.00",
            "netInterestIncome": "-289000000.00",
            "extraordinaryItems": null,
            "nonRecurring": null,
            "otherItems": null,
            "incomeTaxExpense": "-36860735.00",
            "totalRevenue": "7031434507.00",
            "totalOperatingExpenses": "3811599381.00",
            "costOfRevenue": "2754592861.00",
            "totalOtherIncomeExpenseNet": "-226145597.00",
            "discontinuedOperations": null,
            "netIncomeFromContinuingOps": "277000000.00",
            "netIncomeApplicableToCommonShares": "313000000.00",
            "preferredStockAndOtherAdjustments": null
        },
        "2019-09-30": {
            "date": "2019-09-30",
            "filing_date": "2019-09-30",
            "currency_symbol": "USD",
            "researchDevelopment": "1329659028.00",
            "effectOfAccountingCharges": null,
            "incomeBeforeTax": "409510951.00",
            "minorityInterest": "1505000000.00",
            "netIncome": "299373531.00",
            "sellingGeneralAdministrative": "3250000000.00",
            "sellingAndMarketingExpenses": "3250000000.00",
            "grossProfit": "5374706076.00",
            "reconciledDepreciation": "716000000.00",
            "ebit": "794991922.00",
            "ebitda": "1511886398.00",
            "depreciationAndAmortization": "716894476.00",
            "nonOperatingIncomeNetOther": null,
            "operatingIncome": "790986921.00",
            "otherOperatingExpenses": "5866319467.00",
            "interestExpense": "353440990.00",
            "taxProvision": "129000000.00",
            "interestIncome": "37000000.00",
            "netInterestIncome": "-316000000.00",
            "extraordinaryItems": null,
            "nonRecurring": null,
            "otherItems": null,
            "incomeTaxExpense": "129161155.00",
            "totalRevenue": "6657306390.00",
            "totalOperatingExpenses": "4583719153.00",
            "costOfRevenue": "1282600313.00",
            "totalOtherIncomeExpenseNet": "-381475969.00",
            "discontinuedOperations": null,
            "netIncomeFromContinuingOps": "280000000.00",
            "netIncomeApplicableToCommonShares": "299000000.00",
            "preferredStockAndOtherAdjustments": null
        },
        "2019-06-30": {
            "date": "2019-06-30",
            "filing_date": "2019-06-30",
            "currency_symbol": "USD",
            "researchDevelopment": "1307617458.00",
            "effectOfAccountingCharges": null,
            "incomeBeforeTax": "139045294.00",
            "minorityInterest": "1523000000.00",
            "netIncome": "128197789.00",
            "sellingGeneralAdministrative": "3024000000.00",
            "sellingAndMarketingExpenses": "3024000000.00",
            "grossProfit": "4707817304.00",
            "reconciledDepreciation": "727000000.00",
            "ebit": "526597072.00",
            "ebitda": "1243518558.00",
            "depreciationAndAmortization": "716921486.00",
            "nonOperatingIncomeNetOther": null,
            "operatingIncome": "496026833.00",
            "otherOperatingExpenses": "5246248021.00",
            "interestExpense": "355995401.00",
            "taxProvision": "34000000.00",
            "interestIncome": "41000000.00",
            "netInterestIncome": "-320000000.00",
            "extraordinaryItems": null,
            "nonRecurring": null,
            "otherItems": null,
            "incomeTaxExpense": "33528652.00",
            "totalRevenue": "5742274856.00",
            "totalOperatingExpenses": "4211790469.00",
            "costOfRevenue": "1034457551.00",
            "totalOtherIncomeExpenseNet": "-356981538.00",
            "discontinuedOperations": null,
            "netIncomeFromContinuingOps": "107000000.00",
            "netIncomeApplicableToCommonShares": "130000000.00",
            "preferredStockAndOtherAdjustments": null
        },
        "2019-03-31": {
            "date": "2019-03-31",
            "filing_date": "2019-03-31",
            "currency_symbol": "USD",
            "researchDevelopment": "1239598776.00",
            "effectOfAccountingCharges": null,
            "incomeBeforeTax": "762675220.00",
            "minorityInterest": "1546000000.00",
            "netIncome": "596657527.00",
            "sellingGeneralAdministrative": "2592000000.00",
            "sellingAndMarketingExpenses": "2592000000.00",
            "grossProfit": "4945314926.00",
            "reconciledDepreciation": "676000000.00",
            "ebit": "1159105352.00",
            "ebitda": "1839274809.00",
            "depreciationAndAmortization": "680169457.00",
            "nonOperatingIncomeNetOther": null,
            "operatingIncome": "1128920314.00",
            "otherOperatingExpenses": "4914123724.00",
            "interestExpense": "369263595.00",
            "taxProvision": "195000000.00",
            "interestIncome": "55000000.00",
            "netInterestIncome": "-312000000.00",
            "extraordinaryItems": null,
            "nonRecurring": null,
            "otherItems": null,
            "incomeTaxExpense": "196202728.00",
            "totalRevenue": "6043044039.00",
            "totalOperatingExpenses": "3816394611.00",
            "costOfRevenue": "1097729111.00",
            "totalOtherIncomeExpenseNet": "-366245093.00",
            "discontinuedOperations": null,
            "netIncomeFromContinuingOps": "563000000.00",
            "netIncomeApplicableToCommonShares": "593000000.00",
            "preferredStockAndOtherAdjustments": null
        },
        "2018-12-31": {
            "date": "2018-12-31",
            "filing_date": "2018-12-31",
            "currency_symbol": "USD",
            "researchDevelopment": "1982135883.00",
            "effectOfAccountingCharges": null,
            "incomeBeforeTax": "718807350.00",
            "minorityInterest": "1576000000.00",
            "netIncome": "1018146300.00",
            "sellingGeneralAdministrative": "3244000000.00",
            "sellingAndMarketingExpenses": "2693000000.00",
            "grossProfit": "5057252805.00",
            "reconciledDepreciation": "1662000000.00",
            "ebit": "1086088363.00",
            "ebitda": "2722605916.00",
            "depreciationAndAmortization": "1636517553.00",
            "nonOperatingIncomeNetOther": null,
            "operatingIncome": "1311577244.00",
            "otherOperatingExpenses": "5826278201.00",
            "interestExpense": "331832981.00",
            "taxProvision": null,
            "interestIncome": null,
            "netInterestIncome": null,
            "extraordinaryItems": null,
            "nonRecurring": null,
            "otherItems": null,
            "incomeTaxExpense": "-274722260.00",
            "totalRevenue": "7137855447.00",
            "totalOperatingExpenses": "3745675558.00",
            "costOfRevenue": "2080602642.00",
            "totalOtherIncomeExpenseNet": "-592769894.00",
            "discontinuedOperations": null,
            "netIncomeFromContinuingOps": "1009000000.00",
            "netIncomeApplicableToCommonShares": "1034000000.00",
            "preferredStockAndOtherAdjustments": null
        },
        "2018-09-30": {
            "date": "2018-09-30",
            "filing_date": "2018-09-30",
            "currency_symbol": "USD",
            "researchDevelopment": "1247933244.00",
            "effectOfAccountingCharges": null,
            "incomeBeforeTax": "479278710.00",
            "minorityInterest": "1601000000.00",
            "netIncome": "433058959.00",
            "sellingGeneralAdministrative": "2470000000.00",
            "sellingAndMarketingExpenses": "2496000000.00",
            "grossProfit": "4614941543.00",
            "reconciledDepreciation": "698000000.00",
            "ebit": "889227792.00",
            "ebitda": "1590562256.00",
            "depreciationAndAmortization": "701334464.00",
            "nonOperatingIncomeNetOther": null,
            "operatingIncome": "885208686.00",
            "otherOperatingExpenses": "4866135835.00",
            "interestExpense": "365738889.00",
            "taxProvision": null,
            "interestIncome": null,
            "netInterestIncome": null,
            "extraordinaryItems": null,
            "nonRecurring": null,
            "otherItems": null,
            "incomeTaxExpense": "71339178.00",
            "totalRevenue": "5751344523.00",
            "totalOperatingExpenses": "3729732855.00",
            "costOfRevenue": "1136402978.00",
            "totalOtherIncomeExpenseNet": "-405929975.00",
            "discontinuedOperations": null,
            "netIncomeFromContinuingOps": "406000000.00",
            "netIncomeApplicableToCommonShares": "431000000.00",
            "preferredStockAndOtherAdjustments": null
        },
        "2018-06-30": {
            "date": "2018-06-30",
            "filing_date": "2018-06-30",
            "currency_symbol": "USD",
            "researchDevelopment": "1286247157.00",
            "effectOfAccountingCharges": null,
            "incomeBeforeTax": "398147129.00",
            "minorityInterest": "1627000000.00",
            "netIncome": "338231784.00",
            "sellingGeneralAdministrative": "2587000000.00",
            "sellingAndMarketingExpenses": "2635000000.00",
            "grossProfit": "4535205044.00",
            "reconciledDepreciation": "684000000.00",
            "ebit": "778899477.00",
            "ebitda": "1439901021.00",
            "depreciationAndAmortization": "661001544.00",
            "nonOperatingIncomeNetOther": null,
            "operatingIncome": "748941808.00",
            "otherOperatingExpenses": "4742009621.00",
            "interestExpense": "362391197.00",
            "taxProvision": null,
            "interestIncome": null,
            "netInterestIncome": null,
            "extraordinaryItems": null,
            "nonRecurring": null,
            "otherItems": null,
            "incomeTaxExpense": "89873016.00",
            "totalRevenue": "5490951430.00",
            "totalOperatingExpenses": "3786263235.00",
            "costOfRevenue": "955746384.00",
            "totalOtherIncomeExpenseNet": "-350794679.00",
            "discontinuedOperations": null,
            "netIncomeFromContinuingOps": "319000000.00",
            "netIncomeApplicableToCommonShares": "350000000.00",
            "preferredStockAndOtherAdjustments": null
        },
        "2018-03-31": {
            "date": "2018-03-31",
            "filing_date": "2018-03-31",
            "currency_symbol": "USD",
            "researchDevelopment": "1264843414.00",
            "effectOfAccountingCharges": null,
            "incomeBeforeTax": "377836610.00",
            "minorityInterest": "1658000000.00",
            "netIncome": "343487827.00",
            "sellingGeneralAdministrative": "2502000000.00",
            "sellingAndMarketingExpenses": "2538000000.00",
            "grossProfit": "4117812906.00",
            "reconciledDepreciation": "709000000.00",
            "ebit": "738498829.00",
            "ebitda": "1454771975.00",
            "depreciationAndAmortization": "716273146.00",
            "nonOperatingIncomeNetOther": null,
            "operatingIncome": "325303178.00",
            "otherOperatingExpenses": "4905814395.00",
            "interestExpense": "346518602.00",
            "taxProvision": null,
            "interestIncome": null,
            "netInterestIncome": null,
            "extraordinaryItems": null,
            "nonRecurring": null,
            "otherItems": null,
            "incomeTaxExpense": "58594981.00",
            "totalRevenue": "5231117574.00",
            "totalOperatingExpenses": "3792509728.00",
            "costOfRevenue": "1113304666.00",
            "totalOtherIncomeExpenseNet": "52533432.00",
            "discontinuedOperations": null,
            "netIncomeFromContinuingOps": "316000000.00",
            "netIncomeApplicableToCommonShares": "340000000.00",
            "preferredStockAndOtherAdjustments": null
        },
        "2017-12-31": {
            "date": "2017-12-31",
            "filing_date": "2017-12-31",
            "currency_symbol": "USD",
            "researchDevelopment": "1547354023.00",
            "effectOfAccountingCharges": null,
            "incomeBeforeTax": "412425073.00",
            "minorityInterest": "1682000000.00",
            "netIncome": "1318341574.00",
            "sellingGeneralAdministrative": "2206000000.00",
            "sellingAndMarketingExpenses": "85000000.00",
            "grossProfit": "4666381978.00",
            "reconciledDepreciation": "1107000000.00",
            "ebit": "744797127.00",
            "ebitda": "1866552794.00",
            "depreciationAndAmortization": "1121755667.00",
            "nonOperatingIncomeNetOther": null,
            "operatingIncome": "-2026658.00",
            "otherOperatingExpenses": "5856030717.00",
            "interestExpense": "320212096.00",
            "taxProvision": null,
            "interestIncome": null,
            "netInterestIncome": null,
            "extraordinaryItems": null,
            "nonRecurring": null,
            "otherItems": null,
            "incomeTaxExpense": "-865383324.00",
            "totalRevenue": "5854004058.00",
            "totalOperatingExpenses": "4668408637.00",
            "costOfRevenue": "1187622079.00",
            "totalOtherIncomeExpenseNet": "414451731.00",
            "discontinuedOperations": null,
            "netIncomeFromContinuingOps": "1261000000.00",
            "netIncomeApplicableToCommonShares": "1301000000.00",
            "preferredStockAndOtherAdjustments": null
        },
        "2017-09-30": {
            "date": "2017-09-30",
            "filing_date": "2017-09-30",
            "currency_symbol": "USD",
            "researchDevelopment": "1401813136.00",
            "effectOfAccountingCharges": null,
            "incomeBeforeTax": "763880643.00",
            "minorityInterest": "1722000000.00",
            "netIncome": "702442521.00",
            "sellingGeneralAdministrative": "2497000000.00",
            "sellingAndMarketingExpenses": "76000000.00",
            "grossProfit": "5150562512.00",
            "reconciledDepreciation": "655000000.00",
            "ebit": "1209307020.00",
            "ebitda": "1880006512.00",
            "depreciationAndAmortization": "670699492.00",
            "nonOperatingIncomeNetOther": null,
            "operatingIncome": "1183707806.00",
            "otherOperatingExpenses": "5197665072.00",
            "interestExpense": "428018912.00",
            "taxProvision": null,
            "interestIncome": null,
            "netInterestIncome": null,
            "extraordinaryItems": null,
            "nonRecurring": null,
            "otherItems": null,
            "incomeTaxExpense": "99324962.00",
            "totalRevenue": "6381372878.00",
            "totalOperatingExpenses": "3966854706.00",
            "costOfRevenue": "1230810365.00",
            "totalOtherIncomeExpenseNet": "-419827162.00",
            "discontinuedOperations": null,
            "netIncomeFromContinuingOps": "649000000.00",
            "netIncomeApplicableToCommonShares": "686000000.00",
            "preferredStockAndOtherAdjustments": null
        },
        "2017-06-30": {
            "date": "2017-06-30",
            "filing_date": "2017-06-30",
            "currency_symbol": "USD",
            "researchDevelopment": "1326280223.00",
            "effectOfAccountingCharges": null,
            "incomeBeforeTax": "497734455.00",
            "minorityInterest": "1759000000.00",
            "netIncome": "482559623.00",
            "sellingGeneralAdministrative": "2358000000.00",
            "sellingAndMarketingExpenses": "72000000.00",
            "grossProfit": "4192299960.00",
            "reconciledDepreciation": "616000000.00",
            "ebit": "964107598.00",
            "ebitda": "1587287321.00",
            "depreciationAndAmortization": "623179723.00",
            "nonOperatingIncomeNetOther": null,
            "operatingIncome": "511897629.00",
            "otherOperatingExpenses": "4597973774.00",
            "interestExpense": "453221616.00",
            "taxProvision": null,
            "interestIncome": null,
            "netInterestIncome": null,
            "extraordinaryItems": null,
            "nonRecurring": null,
            "otherItems": null,
            "incomeTaxExpense": "46536147.00",
            "totalRevenue": "5109871405.00",
            "totalOperatingExpenses": "3680402330.00",
            "costOfRevenue": "917571444.00",
            "totalOtherIncomeExpenseNet": "-14163173.00",
            "discontinuedOperations": null,
            "netIncomeFromContinuingOps": "446000000.00",
            "netIncomeApplicableToCommonShares": "477000000.00",
            "preferredStockAndOtherAdjustments": null
        },
        "2017-03-31": {
            "date": "2017-03-31",
            "filing_date": "2017-03-31",
            "currency_symbol": "USD",
            "researchDevelopment": "1358355959.00",
            "effectOfAccountingCharges": null,
            "incomeBeforeTax": "599126608.00",
            "minorityInterest": "1790000000.00",
            "netIncome": "540724350.00",
            "sellingGeneralAdministrative": "2300000000.00",
            "sellingAndMarketingExpenses": "77000000.00",
            "grossProfit": "4580549486.00",
            "reconciledDepreciation": "658000000.00",
            "ebit": "941484668.00",
            "ebitda": "1604048211.00",
            "depreciationAndAmortization": "662563543.00",
            "nonOperatingIncomeNetOther": null,
            "operatingIncome": "923359832.00",
            "otherOperatingExpenses": "4519126422.00",
            "interestExpense": "342358062.00",
            "taxProvision": null,
            "interestIncome": null,
            "netInterestIncome": null,
            "extraordinaryItems": null,
            "nonRecurring": null,
            "otherItems": null,
            "incomeTaxExpense": "70485482.00",
            "totalRevenue": "5442486255.00",
            "totalOperatingExpenses": "3657189654.00",
            "costOfRevenue": "861936768.00",
            "totalOtherIncomeExpenseNet": "-324233223.00",
            "discontinuedOperations": null,
            "netIncomeFromContinuingOps": "512000000.00",
            "netIncomeApplicableToCommonShares": "537000000.00",
            "preferredStockAndOtherAdjustments": null
        },
        "2016-12-31": {
            "date": "2016-12-31",
            "filing_date": "2016-12-31",
            "currency_symbol": "USD",
            "researchDevelopment": "1494209854.00",
            "effectOfAccountingCharges": null,
            "incomeBeforeTax": "2169620398.00",
            "minorityInterest": null,
            "netIncome": "1821531801.00",
            "sellingGeneralAdministrative": "1386000000.00",
            "sellingAndMarketingExpenses": "83000000.00",
            "grossProfit": "4418351841.00",
            "reconciledDepreciation": "590000000.00",
            "ebit": "2527597871.00",
            "ebitda": "3111041824.00",
            "depreciationAndAmortization": "583443953.00",
            "nonOperatingIncomeNetOther": null,
            "operatingIncome": "1786920720.00",
            "otherOperatingExpenses": "3736019081.00",
            "interestExpense": "357977476.00",
            "taxProvision": null,
            "interestIncome": null,
            "netInterestIncome": null,
            "extraordinaryItems": null,
            "nonRecurring": null,
            "otherItems": null,
            "incomeTaxExpense": "361933028.00",
            "totalRevenue": "5522939801.00",
            "totalOperatingExpenses": "2631431121.00",
            "costOfRevenue": "1104587960.00",
            "totalOtherIncomeExpenseNet": "382699677.00",
            "discontinuedOperations": null,
            "netIncomeFromContinuingOps": null,
            "netIncomeApplicableToCommonShares": null,
            "preferredStockAndOtherAdjustments": null
        },
        "2016-09-30": {
            "date": "2016-09-30",
            "filing_date": "2016-09-30",
            "currency_symbol": "USD",
            "researchDevelopment": "1346046579.00",
            "effectOfAccountingCharges": null,
            "incomeBeforeTax": "677467317.00",
            "minorityInterest": null,
            "netIncome": "1001387550.00",
            "sellingGeneralAdministrative": "2403000000.00",
            "sellingAndMarketingExpenses": "76000000.00",
            "grossProfit": "4797574679.00",
            "reconciledDepreciation": "611000000.00",
            "ebit": "1028051712.00",
            "ebitda": "1631451902.00",
            "depreciationAndAmortization": "603400190.00",
            "nonOperatingIncomeNetOther": null,
            "operatingIncome": "1177173531.00",
            "otherOperatingExpenses": "4450940526.00",
            "interestExpense": "350584399.00",
            "taxProvision": null,
            "interestIncome": null,
            "netInterestIncome": null,
            "extraordinaryItems": null,
            "nonRecurring": null,
            "otherItems": null,
            "incomeTaxExpense": "-315032178.00",
            "totalRevenue": "5628114059.00",
            "totalOperatingExpenses": "3620401147.00",
            "costOfRevenue": "830539378.00",
            "totalOtherIncomeExpenseNet": "-499706214.00",
            "discontinuedOperations": null,
            "netIncomeFromContinuingOps": null,
            "netIncomeApplicableToCommonShares": null,
            "preferredStockAndOtherAdjustments": null
        },
        "2016-06-30": {
            "date": "2016-06-30",
            "filing_date": "2016-06-30",
            "currency_symbol": "USD",
            "researchDevelopment": "1465000000.00",
            "effectOfAccountingCharges": null,
            "incomeBeforeTax": "-30000000.00",
            "minorityInterest": null,
            "netIncome": "-3000000.00",
            "sellingGeneralAdministrative": "2923000000.00",
            "sellingAndMarketingExpenses": "3143000000.00",
            "grossProfit": "4541000000.00",
            "reconciledDepreciation": "587000000.00",
            "ebit": "611000000.00",
            "ebitda": "1198000000.00",
            "depreciationAndAmortization": "587000000.00",
            "nonOperatingIncomeNetOther": null,
            "operatingIncome": "303000000.00",
            "otherOperatingExpenses": "5300000000.00",
            "interestExpense": "342000000.00",
            "taxProvision": null,
            "interestIncome": null,
            "netInterestIncome": null,
            "extraordinaryItems": null,
            "nonRecurring": null,
            "otherItems": null,
            "incomeTaxExpense": "1000000.00",
            "totalRevenue": "5603000000.00",
            "totalOperatingExpenses": "4238000000.00",
            "costOfRevenue": "1062000000.00",
            "totalOtherIncomeExpenseNet": "-333000000.00",
            "discontinuedOperations": null,
            "netIncomeFromContinuingOps": null,
            "netIncomeApplicableToCommonShares": null,
            "preferredStockAndOtherAdjustments": null
        },
        "2016-03-31": {
            "date": "2016-03-31",
            "filing_date": "2016-03-31",
            "currency_symbol": "USD",
            "researchDevelopment": "1480000000.00",
            "effectOfAccountingCharges": null,
            "incomeBeforeTax": "723000000.00",
            "minorityInterest": null,
            "netIncome": "646000000.00",
            "sellingGeneralAdministrative": "2540000000.00",
            "sellingAndMarketingExpenses": "2648000000.00",
            "grossProfit": "5111000000.00",
            "reconciledDepreciation": "569000000.00",
            "ebit": "1193000000.00",
            "ebitda": "1762000000.00",
            "depreciationAndAmortization": "569000000.00",
            "nonOperatingIncomeNetOther": null,
            "operatingIncome": "1038000000.00",
            "otherOperatingExpenses": "5077000000.00",
            "interestExpense": "325000000.00",
            "taxProvision": null,
            "interestIncome": null,
            "netInterestIncome": null,
            "extraordinaryItems": null,
            "nonRecurring": null,
            "otherItems": null,
            "incomeTaxExpense": "98000000.00",
            "totalRevenue": "6115000000.00",
            "totalOperatingExpenses": "4073000000.00",
            "costOfRevenue": "1004000000.00",
            "totalOtherIncomeExpenseNet": "-315000000.00",
            "discontinuedOperations": null,
            "netIncomeFromContinuingOps": null,
            "netIncomeApplicableToCommonShares": null,
            "preferredStockAndOtherAdjustments": null
        },
        "2015-12-31": {
            "date": "2015-12-31",
            "filing_date": "2015-12-31",
            "currency_symbol": "USD",
            "researchDevelopment": "1746000000.00",
            "effectOfAccountingCharges": null,
            "incomeBeforeTax": "802000000.00",
            "minorityInterest": null,
            "netIncome": "808000000.00",
            "sellingGeneralAdministrative": "2668000000.00",
            "sellingAndMarketingExpenses": "2767000000.00",
            "grossProfit": "5130000000.00",
            "reconciledDepreciation": "716000000.00",
            "ebit": "1058000000.00",
            "ebitda": "1774000000.00",
            "depreciationAndAmortization": "716000000.00",
            "nonOperatingIncomeNetOther": null,
            "operatingIncome": "1088000000.00",
            "otherOperatingExpenses": "5311000000.00",
            "interestExpense": "292000000.00",
            "taxProvision": null,
            "interestIncome": null,
            "netInterestIncome": null,
            "extraordinaryItems": null,
            "nonRecurring": null,
            "otherItems": null,
            "incomeTaxExpense": "-6000000.00",
            "totalRevenue": "6399000000.00",
            "totalOperatingExpenses": "4042000000.00",
            "costOfRevenue": "1269000000.00",
            "totalOtherIncomeExpenseNet": "-286000000.00",
            "discontinuedOperations": null,
            "netIncomeFromContinuingOps": null,
            "netIncomeApplicableToCommonShares": null,
            "preferredStockAndOtherAdjustments": null
        },
        "2015-09-30": {
            "date": "2015-09-30",
            "filing_date": "2015-09-30",
            "currency_symbol": "USD",
            "researchDevelopment": "1429000000.00",
            "effectOfAccountingCharges": null,
            "incomeBeforeTax": "931000000.00",
            "minorityInterest": null,
            "netIncome": "770000000.00",
            "sellingGeneralAdministrative": "2679000000.00",
            "sellingAndMarketingExpenses": "2758000000.00",
            "grossProfit": "4904000000.00",
            "reconciledDepreciation": "571000000.00",
            "ebit": "1384000000.00",
            "ebitda": "1955000000.00",
            "depreciationAndAmortization": "571000000.00",
            "nonOperatingIncomeNetOther": null,
            "operatingIncome": "1170000000.00",
            "otherOperatingExpenses": "4775000000.00",
            "interestExpense": "246000000.00",
            "taxProvision": null,
            "interestIncome": null,
            "netInterestIncome": null,
            "extraordinaryItems": null,
            "nonRecurring": null,
            "otherItems": null,
            "incomeTaxExpense": "161000000.00",
            "totalRevenue": "5945000000.00",
            "totalOperatingExpenses": "3734000000.00",
            "costOfRevenue": "1041000000.00",
            "totalOtherIncomeExpenseNet": "-239000000.00",
            "discontinuedOperations": null,
            "netIncomeFromContinuingOps": null,
            "netIncomeApplicableToCommonShares": null,
            "preferredStockAndOtherAdjustments": null
        },
        "2015-06-30": {
            "date": "2015-06-30",
            "filing_date": "2015-06-30",
            "currency_symbol": "USD",
            "researchDevelopment": "1466000000.00",
            "effectOfAccountingCharges": null,
            "incomeBeforeTax": "658000000.00",
            "minorityInterest": null,
            "netIncome": "697000000.00",
            "sellingGeneralAdministrative": "2966000000.00",
            "sellingAndMarketingExpenses": "3050000000.00",
            "grossProfit": "5240000000.00",
            "reconciledDepreciation": "716000000.00",
            "ebit": "1158000000.00",
            "ebitda": "1874000000.00",
            "depreciationAndAmortization": "716000000.00",
            "nonOperatingIncomeNetOther": null,
            "operatingIncome": "923000000.00",
            "otherOperatingExpenses": "5384000000.00",
            "interestExpense": "276000000.00",
            "taxProvision": null,
            "interestIncome": null,
            "netInterestIncome": null,
            "extraordinaryItems": null,
            "nonRecurring": null,
            "otherItems": null,
            "incomeTaxExpense": "-38000000.00",
            "totalRevenue": "6307000000.00",
            "totalOperatingExpenses": "4317000000.00",
            "costOfRevenue": "1067000000.00",
            "totalOtherIncomeExpenseNet": "-265000000.00",
            "discontinuedOperations": null,
            "netIncomeFromContinuingOps": null,
            "netIncomeApplicableToCommonShares": null,
            "preferredStockAndOtherAdjustments": null
        },
        "2015-03-31": {
            "date": "2015-03-31",
            "filing_date": "2015-03-31",
            "currency_symbol": "USD",
            "researchDevelopment": "1356000000.00",
            "effectOfAccountingCharges": null,
            "incomeBeforeTax": "678000000.00",
            "minorityInterest": "2000000.00",
            "netIncome": "550000000.00",
            "sellingGeneralAdministrative": "2799000000.00",
            "sellingAndMarketingExpenses": "2876000000.00",
            "grossProfit": "4788000000.00",
            "reconciledDepreciation": "849000000.00",
            "ebit": "1146000000.00",
            "ebitda": "1995000000.00",
            "depreciationAndAmortization": "849000000.00",
            "nonOperatingIncomeNetOther": null,
            "operatingIncome": "933000000.00",
            "otherOperatingExpenses": "5124000000.00",
            "interestExpense": "261000000.00",
            "taxProvision": null,
            "interestIncome": null,
            "netInterestIncome": null,
            "extraordinaryItems": null,
            "nonRecurring": null,
            "otherItems": null,
            "incomeTaxExpense": "126000000.00",
            "totalRevenue": "6057000000.00",
            "totalOperatingExpenses": "3855000000.00",
            "costOfRevenue": "1269000000.00",
            "totalOtherIncomeExpenseNet": "-255000000.00",
            "discontinuedOperations": null,
            "netIncomeFromContinuingOps": null,
            "netIncomeApplicableToCommonShares": null,
            "preferredStockAndOtherAdjustments": null
        },
        "2014-12-31": {
            "date": "2014-12-31",
            "filing_date": "2014-12-31",
            "currency_symbol": "USD",
            "researchDevelopment": "1499000000.00",
            "effectOfAccountingCharges": null,
            "incomeBeforeTax": "-580000000.00",
            "minorityInterest": null,
            "netIncome": "-321000000.00",
            "sellingGeneralAdministrative": "4084000000.00",
            "sellingAndMarketingExpenses": "4172000000.00",
            "grossProfit": "5016000000.00",
            "reconciledDepreciation": "1021000000.00",
            "ebit": "-320000000.00",
            "ebitda": "701000000.00",
            "depreciationAndAmortization": "1021000000.00",
            "nonOperatingIncomeNetOther": null,
            "operatingIncome": "-349000000.00",
            "otherOperatingExpenses": "7032000000.00",
            "interestExpense": "260000000.00",
            "taxProvision": null,
            "interestIncome": null,
            "netInterestIncome": null,
            "extraordinaryItems": null,
            "nonRecurring": null,
            "otherItems": null,
            "incomeTaxExpense": "-259000000.00",
            "totalRevenue": "6683000000.00",
            "totalOperatingExpenses": "5365000000.00",
            "costOfRevenue": "1667000000.00",
            "totalOtherIncomeExpenseNet": "-231000000.00",
            "discontinuedOperations": null,
            "netIncomeFromContinuingOps": null,
            "netIncomeApplicableToCommonShares": null,
            "preferredStockAndOtherAdjustments": null
        },
        "2014-09-30": {
            "date": "2014-09-30",
            "filing_date": "2014-09-30",
            "currency_symbol": "USD",
            "researchDevelopment": "1552000000.00",
            "effectOfAccountingCharges": null,
            "incomeBeforeTax": "322000000.00",
            "minorityInterest": null,
            "netIncome": "254000000.00",
            "sellingGeneralAdministrative": "3132000000.00",
            "sellingAndMarketingExpenses": "3219000000.00",
            "grossProfit": "5127000000.00",
            "reconciledDepreciation": "851000000.00",
            "ebit": "936000000.00",
            "ebitda": "1787000000.00",
            "depreciationAndAmortization": "851000000.00",
            "nonOperatingIncomeNetOther": null,
            "operatingIncome": "541000000.00",
            "otherOperatingExpenses": "6001000000.00",
            "interestExpense": "236000000.00",
            "taxProvision": null,
            "interestIncome": null,
            "netInterestIncome": null,
            "extraordinaryItems": null,
            "nonRecurring": null,
            "otherItems": null,
            "incomeTaxExpense": "69000000.00",
            "totalRevenue": "6542000000.00",
            "totalOperatingExpenses": "4586000000.00",
            "costOfRevenue": "1415000000.00",
            "totalOtherIncomeExpenseNet": "-219000000.00",
            "discontinuedOperations": null,
            "netIncomeFromContinuingOps": null,
            "netIncomeApplicableToCommonShares": null,
            "preferredStockAndOtherAdjustments": null
        },
        "2014-06-30": {
            "date": "2014-06-30",
            "filing_date": "2014-06-30",
            "currency_symbol": "USD",
            "researchDevelopment": "1328000000.00",
            "effectOfAccountingCharges": null,
            "incomeBeforeTax": "866000000.00",
            "minorityInterest": "1000000.00",
            "netIncome": "796000000.00",
            "sellingGeneralAdministrative": "3058000000.00",
            "sellingAndMarketingExpenses": "3135000000.00",
            "grossProfit": "5147000000.00",
            "reconciledDepreciation": "698000000.00",
            "ebit": "1402000000.00",
            "ebitda": "2100000000.00",
            "depreciationAndAmortization": "698000000.00",
            "nonOperatingIncomeNetOther": null,
            "operatingIncome": "1109000000.00",
            "otherOperatingExpenses": "5345000000.00",
            "interestExpense": "253000000.00",
            "taxProvision": null,
            "interestIncome": null,
            "netInterestIncome": null,
            "extraordinaryItems": null,
            "nonRecurring": null,
            "otherItems": null,
            "incomeTaxExpense": "69000000.00",
            "totalRevenue": "6454000000.00",
            "totalOperatingExpenses": "4038000000.00",
            "costOfRevenue": "1307000000.00",
            "totalOtherIncomeExpenseNet": "-243000000.00",
            "discontinuedOperations": null,
            "netIncomeFromContinuingOps": null,
            "netIncomeApplicableToCommonShares": null,
            "preferredStockAndOtherAdjustments": null
        },
        "2014-03-31": {
            "date": "2014-03-31",
            "filing_date": "2014-03-31",
            "currency_symbol": "USD",
            "researchDevelopment": "1200000000.00",
            "effectOfAccountingCharges": null,
            "incomeBeforeTax": "638000000.00",
            "minorityInterest": "2000000.00",
            "netIncome": "504000000.00",
            "sellingGeneralAdministrative": "2726000000.00",
            "sellingAndMarketingExpenses": "2798000000.00",
            "grossProfit": "4963000000.00",
            "reconciledDepreciation": "712000000.00",
            "ebit": "1315000000.00",
            "ebitda": "2027000000.00",
            "depreciationAndAmortization": "712000000.00",
            "nonOperatingIncomeNetOther": null,
            "operatingIncome": "836000000.00",
            "otherOperatingExpenses": "5580000000.00",
            "interestExpense": "213000000.00",
            "taxProvision": null,
            "interestIncome": null,
            "netInterestIncome": null,
            "extraordinaryItems": null,
            "nonRecurring": null,
            "otherItems": null,
            "incomeTaxExpense": "132000000.00",
            "totalRevenue": "6416000000.00",
            "totalOperatingExpenses": "4127000000.00",
            "costOfRevenue": "1453000000.00",
            "totalOtherIncomeExpenseNet": "-198000000.00",
            "discontinuedOperations": null,
            "netIncomeFromContinuingOps": null,
            "netIncomeApplicableToCommonShares": null,
            "preferredStockAndOtherAdjustments": null
        },
        "2013-12-31": {
            "date": "2013-12-31",
            "filing_date": "2013-12-31",
            "currency_symbol": "USD",
            "researchDevelopment": "1429000000.00",
            "effectOfAccountingCharges": null,
            "incomeBeforeTax": "-715000000.00",
            "minorityInterest": "4000000.00",
            "netIncome": "-524000000.00",
            "sellingGeneralAdministrative": "4642000000.00",
            "sellingAndMarketingExpenses": "4714000000.00",
            "grossProfit": "5404000000.00",
            "reconciledDepreciation": "2605000000.00",
            "ebit": "-581000000.00",
            "ebitda": "2024000000.00",
            "depreciationAndAmortization": "2605000000.00",
            "nonOperatingIncomeNetOther": null,
            "operatingIncome": "-591000000.00",
            "otherOperatingExpenses": "7435000000.00",
            "interestExpense": "137000000.00",
            "taxProvision": null,
            "interestIncome": null,
            "netInterestIncome": null,
            "extraordinaryItems": null,
            "nonRecurring": null,
            "otherItems": null,
            "incomeTaxExpense": "-195000000.00",
            "totalRevenue": "6844000000.00",
            "totalOperatingExpenses": "5995000000.00",
            "costOfRevenue": "1440000000.00",
            "totalOtherIncomeExpenseNet": "-124000000.00",
            "discontinuedOperations": null,
            "netIncomeFromContinuingOps": null,
            "netIncomeApplicableToCommonShares": null,
            "preferredStockAndOtherAdjustments": null
        },
        "2013-09-30": {
            "date": "2013-09-30",
            "filing_date": "2013-09-30",
            "currency_symbol": "USD",
            "researchDevelopment": "858000000.00",
            "effectOfAccountingCharges": null,
            "incomeBeforeTax": "1592000000.00",
            "minorityInterest": "2000000.00",
            "netIncome": "1246000000.00",
            "sellingGeneralAdministrative": "2503000000.00",
            "sellingAndMarketingExpenses": "2584000000.00",
            "grossProfit": "5012000000.00",
            "reconciledDepreciation": "388000000.00",
            "ebit": "1891000000.00",
            "ebitda": "2279000000.00",
            "depreciationAndAmortization": "388000000.00",
            "nonOperatingIncomeNetOther": null,
            "operatingIncome": "1706000000.00",
            "otherOperatingExpenses": "4544000000.00",
            "interestExpense": "128000000.00",
            "taxProvision": null,
            "interestIncome": null,
            "netInterestIncome": null,
            "extraordinaryItems": null,
            "nonRecurring": null,
            "otherItems": null,
            "incomeTaxExpense": "344000000.00",
            "totalRevenue": "6250000000.00",
            "totalOperatingExpenses": "3306000000.00",
            "costOfRevenue": "1238000000.00",
            "totalOtherIncomeExpenseNet": "-114000000.00",
            "discontinuedOperations": null,
            "netIncomeFromContinuingOps": null,
            "netIncomeApplicableToCommonShares": null,
            "preferredStockAndOtherAdjustments": null
        },
        "2013-06-30": {
            "date": "2013-06-30",
            "filing_date": "2013-06-30",
            "currency_symbol": "USD",
            "researchDevelopment": "1275000000.00",
            "effectOfAccountingCharges": null,
            "incomeBeforeTax": "1086000000.00",
            "minorityInterest": "8000000.00",
            "netIncome": "823000000.00",
            "sellingGeneralAdministrative": "2543000000.00",
            "sellingAndMarketingExpenses": "2619000000.00",
            "grossProfit": "4915000000.00",
            "reconciledDepreciation": "939000000.00",
            "ebit": "1207000000.00",
            "ebitda": "2146000000.00",
            "depreciationAndAmortization": "939000000.00",
            "nonOperatingIncomeNetOther": null,
            "operatingIncome": "1200000000.00",
            "otherOperatingExpenses": "5032000000.00",
            "interestExpense": "121000000.00",
            "taxProvision": null,
            "interestIncome": null,
            "netInterestIncome": null,
            "extraordinaryItems": null,
            "nonRecurring": null,
            "otherItems": null,
            "incomeTaxExpense": "255000000.00",
            "totalRevenue": "6232000000.00",
            "totalOperatingExpenses": "3715000000.00",
            "costOfRevenue": "1317000000.00",
            "totalOtherIncomeExpenseNet": "-114000000.00",
            "discontinuedOperations": null,
            "netIncomeFromContinuingOps": null,
            "netIncomeApplicableToCommonShares": null,
            "preferredStockAndOtherAdjustments": null
        },
        "2013-03-31": {
            "date": "2013-03-31",
            "filing_date": "2013-03-31",
            "currency_symbol": "USD",
            "researchDevelopment": "1259000000.00",
            "effectOfAccountingCharges": null,
            "incomeBeforeTax": "1304000000.00",
            "minorityInterest": "1000000.00",
            "netIncome": "1011000000.00",
            "sellingGeneralAdministrative": "2518000000.00",
            "sellingAndMarketingExpenses": "2595000000.00",
            "grossProfit": "5119000000.00",
            "reconciledDepreciation": "651000000.00",
            "ebit": "1419000000.00",
            "ebitda": "2070000000.00",
            "depreciationAndAmortization": "651000000.00",
            "nonOperatingIncomeNetOther": null,
            "operatingIncome": "1397000000.00",
            "otherOperatingExpenses": "4988000000.00",
            "interestExpense": "115000000.00",
            "taxProvision": null,
            "interestIncome": null,
            "netInterestIncome": null,
            "extraordinaryItems": null,
            "nonRecurring": null,
            "otherItems": null,
            "incomeTaxExpense": "292000000.00",
            "totalRevenue": "6385000000.00",
            "totalOperatingExpenses": "3722000000.00",
            "costOfRevenue": "1266000000.00",
            "totalOtherIncomeExpenseNet": "-93000000.00",
            "discontinuedOperations": null,
            "netIncomeFromContinuingOps": null,
            "netIncomeApplicableToCommonShares": null,
            "preferredStockAndOtherAdjustments": null
        },
        "2012-12-31": {
            "date": "2012-12-31",
            "filing_date": "2012-12-31",
            "currency_symbol": "USD",
            "researchDevelopment": "1320000000.00",
            "effectOfAccountingCharges": null,
            "incomeBeforeTax": "1854000000.00",
            "minorityInterest": "13000000.00",
            "netIncome": "1521000000.00",
            "sellingGeneralAdministrative": "2503000000.00",
            "sellingAndMarketingExpenses": "2748000000.00",
            "grossProfit": "5884000000.00",
            "reconciledDepreciation": "764000000.00",
            "ebit": "2077000000.00",
            "ebitda": "2841000000.00",
            "depreciationAndAmortization": "764000000.00",
            "nonOperatingIncomeNetOther": null,
            "operatingIncome": "1964000000.00",
            "otherOperatingExpenses": "5318000000.00",
            "interestExpense": "248000000.00",
            "taxProvision": null,
            "interestIncome": null,
            "netInterestIncome": null,
            "extraordinaryItems": null,
            "nonRecurring": null,
            "otherItems": null,
            "incomeTaxExpense": "320000000.00",
            "totalRevenue": "7282000000.00",
            "totalOperatingExpenses": "3920000000.00",
            "costOfRevenue": "1398000000.00",
            "totalOtherIncomeExpenseNet": "-110000000.00",
            "discontinuedOperations": null,
            "netIncomeFromContinuingOps": null,
            "netIncomeApplicableToCommonShares": null,
            "preferredStockAndOtherAdjustments": null
        },
        "2012-09-30": {
            "date": "2012-09-30",
            "filing_date": "2012-09-30",
            "currency_symbol": "USD",
            "researchDevelopment": "1204000000.00",
            "effectOfAccountingCharges": null,
            "incomeBeforeTax": "2048000000.00",
            "minorityInterest": "8000000.00",
            "netIncome": "1511000000.00",
            "sellingGeneralAdministrative": "2326000000.00",
            "sellingAndMarketingExpenses": "2449000000.00",
            "grossProfit": "5408000000.00",
            "reconciledDepreciation": "745000000.00",
            "ebit": "2165000000.00",
            "ebitda": "2910000000.00",
            "depreciationAndAmortization": "745000000.00",
            "nonOperatingIncomeNetOther": null,
            "operatingIncome": "2156000000.00",
            "otherOperatingExpenses": "4526000000.00",
            "interestExpense": "237000000.00",
            "taxProvision": null,
            "interestIncome": null,
            "netInterestIncome": null,
            "extraordinaryItems": null,
            "nonRecurring": null,
            "otherItems": null,
            "incomeTaxExpense": "515000000.00",
            "totalRevenue": "6682000000.00",
            "totalOperatingExpenses": "3252000000.00",
            "costOfRevenue": "1274000000.00",
            "totalOtherIncomeExpenseNet": "-126000000.00",
            "discontinuedOperations": null,
            "netIncomeFromContinuingOps": null,
            "netIncomeApplicableToCommonShares": null,
            "preferredStockAndOtherAdjustments": null
        },
        "2012-06-30": {
            "date": "2012-06-30",
            "filing_date": "2012-06-30",
            "currency_symbol": "USD",
            "researchDevelopment": "1189000000.00",
            "effectOfAccountingCharges": null,
            "incomeBeforeTax": "1763000000.00",
            "minorityInterest": "7000000.00",
            "netIncome": "1597000000.00",
            "sellingGeneralAdministrative": "2312000000.00",
            "sellingAndMarketingExpenses": "2425000000.00",
            "grossProfit": "5314000000.00",
            "reconciledDepreciation": "510000000.00",
            "ebit": "1879000000.00",
            "ebitda": "2389000000.00",
            "depreciationAndAmortization": "510000000.00",
            "nonOperatingIncomeNetOther": null,
            "operatingIncome": "1868000000.00",
            "otherOperatingExpenses": "4792000000.00",
            "interestExpense": "234000000.00",
            "taxProvision": null,
            "interestIncome": null,
            "netInterestIncome": null,
            "extraordinaryItems": null,
            "nonRecurring": null,
            "otherItems": null,
            "incomeTaxExpense": "145000000.00",
            "totalRevenue": "6660000000.00",
            "totalOperatingExpenses": "3446000000.00",
            "costOfRevenue": "1346000000.00",
            "totalOtherIncomeExpenseNet": "-123000000.00",
            "discontinuedOperations": null,
            "netIncomeFromContinuingOps": null,
            "netIncomeApplicableToCommonShares": null,
            "preferredStockAndOtherAdjustments": null
        },
        "2012-03-31": {
            "date": "2012-03-31",
            "filing_date": "2012-03-31",
            "currency_symbol": "USD",
            "researchDevelopment": "1530000000.00",
            "effectOfAccountingCharges": null,
            "incomeBeforeTax": "2053000000.00",
            "minorityInterest": "2000000.00",
            "netIncome": "1625000000.00",
            "sellingGeneralAdministrative": "2461000000.00",
            "sellingAndMarketingExpenses": "2537000000.00",
            "grossProfit": "5974000000.00",
            "reconciledDepreciation": "499000000.00",
            "ebit": "2167000000.00",
            "ebitda": "2666000000.00",
            "depreciationAndAmortization": "499000000.00",
            "nonOperatingIncomeNetOther": null,
            "operatingIncome": "2160000000.00",
            "otherOperatingExpenses": "5189000000.00",
            "interestExpense": "239000000.00",
            "taxProvision": null,
            "interestIncome": null,
            "netInterestIncome": null,
            "extraordinaryItems": null,
            "nonRecurring": null,
            "otherItems": null,
            "incomeTaxExpense": "411000000.00",
            "totalRevenue": "7349000000.00",
            "totalOperatingExpenses": "3814000000.00",
            "costOfRevenue": "1375000000.00",
            "totalOtherIncomeExpenseNet": "-125000000.00",
            "discontinuedOperations": null,
            "netIncomeFromContinuingOps": null,
            "netIncomeApplicableToCommonShares": null,
            "preferredStockAndOtherAdjustments": null
        },
        "2011-12-31": {
            "date": "2011-12-31",
            "filing_date": "2011-12-31",
            "currency_symbol": "USD",
            "researchDevelopment": "1867000000.00",
            "effectOfAccountingCharges": null,
            "incomeBeforeTax": "2052000000.00",
            "minorityInterest": "7000000.00",
            "netIncome": "1486000000.00",
            "sellingGeneralAdministrative": "3141000000.00",
            "sellingAndMarketingExpenses": "3226000000.00",
            "grossProfit": "7044000000.00",
            "reconciledDepreciation": "970000000.00",
            "ebit": "2293000000.00",
            "ebitda": "3263000000.00",
            "depreciationAndAmortization": "970000000.00",
            "nonOperatingIncomeNetOther": null,
            "operatingIncome": "2167000000.00",
            "otherOperatingExpenses": "6489000000.00",
            "interestExpense": "241000000.00",
            "taxProvision": null,
            "interestIncome": null,
            "netInterestIncome": null,
            "extraordinaryItems": null,
            "nonRecurring": null,
            "otherItems": null,
            "incomeTaxExpense": "559000000.00",
            "totalRevenue": "8656000000.00",
            "totalOperatingExpenses": "4877000000.00",
            "costOfRevenue": "1612000000.00",
            "totalOtherIncomeExpenseNet": "-115000000.00",
            "discontinuedOperations": null,
            "netIncomeFromContinuingOps": null,
            "netIncomeApplicableToCommonShares": null,
            "preferredStockAndOtherAdjustments": null
        },
        "2011-09-30": {
            "date": "2011-09-30",
            "filing_date": "2011-09-30",
            "currency_symbol": "USD",
            "researchDevelopment": "1296000000.00",
            "effectOfAccountingCharges": null,
            "incomeBeforeTax": "4169000000.00",
            "minorityInterest": "8000000.00",
            "netIncome": "3477000000.00",
            "sellingGeneralAdministrative": "2644000000.00",
            "sellingAndMarketingExpenses": "93000000.00",
            "grossProfit": "6620000000.00",
            "reconciledDepreciation": "543000000.00",
            "ebit": "4415000000.00",
            "ebitda": "4958000000.00",
            "depreciationAndAmortization": "543000000.00",
            "nonOperatingIncomeNetOther": null,
            "operatingIncome": "4262000000.00",
            "otherOperatingExpenses": "3951000000.00",
            "interestExpense": "246000000.00",
            "taxProvision": null,
            "interestIncome": null,
            "netInterestIncome": null,
            "extraordinaryItems": null,
            "nonRecurring": null,
            "otherItems": null,
            "incomeTaxExpense": "684000000.00",
            "totalRevenue": "8213000000.00",
            "totalOperatingExpenses": "2358000000.00",
            "costOfRevenue": "1593000000.00",
            "totalOtherIncomeExpenseNet": "-93000000.00",
            "discontinuedOperations": null,
            "netIncomeFromContinuingOps": null,
            "netIncomeApplicableToCommonShares": null,
            "preferredStockAndOtherAdjustments": null
        },
        "2011-06-30": {
            "date": "2011-06-30",
            "filing_date": "2011-06-30",
            "currency_symbol": "USD",
            "researchDevelopment": "1198000000.00",
            "effectOfAccountingCharges": null,
            "incomeBeforeTax": "2858000000.00",
            "minorityInterest": "10000000.00",
            "netIncome": "2113000000.00",
            "sellingGeneralAdministrative": "2868000000.00",
            "sellingAndMarketingExpenses": "88000000.00",
            "grossProfit": "6948000000.00",
            "reconciledDepreciation": "511000000.00",
            "ebit": "3101000000.00",
            "ebitda": "3612000000.00",
            "depreciationAndAmortization": "511000000.00",
            "nonOperatingIncomeNetOther": null,
            "operatingIncome": "2965000000.00",
            "otherOperatingExpenses": "5465000000.00",
            "interestExpense": "243000000.00",
            "taxProvision": null,
            "interestIncome": null,
            "netInterestIncome": null,
            "extraordinaryItems": null,
            "nonRecurring": null,
            "otherItems": null,
            "incomeTaxExpense": "735000000.00",
            "totalRevenue": "8430000000.00",
            "totalOperatingExpenses": "3983000000.00",
            "costOfRevenue": "1482000000.00",
            "totalOtherIncomeExpenseNet": "-107000000.00",
            "discontinuedOperations": null,
            "netIncomeFromContinuingOps": null,
            "netIncomeApplicableToCommonShares": null,
            "preferredStockAndOtherAdjustments": null
        },
        "2011-03-31": {
            "date": "2011-03-31",
            "filing_date": "2011-03-31",
            "currency_symbol": "USD",
            "researchDevelopment": "1162000000.00",
            "effectOfAccountingCharges": null,
            "incomeBeforeTax": "3288000000.00",
            "minorityInterest": "8000000.00",
            "netIncome": "2907000000.00",
            "sellingGeneralAdministrative": "2508000000.00",
            "sellingAndMarketingExpenses": "80000000.00",
            "grossProfit": "6953000000.00",
            "reconciledDepreciation": "526000000.00",
            "ebit": "3538000000.00",
            "ebitda": "4064000000.00",
            "depreciationAndAmortization": "526000000.00",
            "nonOperatingIncomeNetOther": null,
            "operatingIncome": "3401000000.00",
            "otherOperatingExpenses": "4891000000.00",
            "interestExpense": "250000000.00",
            "taxProvision": null,
            "interestIncome": null,
            "netInterestIncome": null,
            "extraordinaryItems": null,
            "nonRecurring": null,
            "otherItems": null,
            "incomeTaxExpense": "373000000.00",
            "totalRevenue": "8292000000.00",
            "totalOperatingExpenses": "3552000000.00",
            "costOfRevenue": "1339000000.00",
            "totalOtherIncomeExpenseNet": "-113000000.00",
            "discontinuedOperations": null,
            "netIncomeFromContinuingOps": null,
            "netIncomeApplicableToCommonShares": null,
            "preferredStockAndOtherAdjustments": null
        },
        "2010-12-31": {
            "date": "2010-12-31",
            "filing_date": "2010-12-31",
            "currency_symbol": "USD",
            "researchDevelopment": "1930000000.00",
            "effectOfAccountingCharges": null,
            "incomeBeforeTax": "2283000000.00",
            "minorityInterest": "11000000.00",
            "netIncome": "1621000000.00",
            "sellingGeneralAdministrative": "2522000000.00",
            "sellingAndMarketingExpenses": "87000000.00",
            "grossProfit": "6858000000.00",
            "reconciledDepreciation": "1307000000.00",
            "ebit": "2540000000.00",
            "ebitda": "3847000000.00",
            "depreciationAndAmortization": "1307000000.00",
            "nonOperatingIncomeNetOther": null,
            "operatingIncome": "2411000000.00",
            "otherOperatingExpenses": "6918000000.00",
            "interestExpense": "257000000.00",
            "taxProvision": null,
            "interestIncome": null,
            "netInterestIncome": null,
            "extraordinaryItems": null,
            "nonRecurring": null,
            "otherItems": null,
            "incomeTaxExpense": "651000000.00",
            "totalRevenue": "8617000000.00",
            "totalOperatingExpenses": "5159000000.00",
            "costOfRevenue": "1759000000.00",
            "totalOtherIncomeExpenseNet": "-128000000.00",
            "discontinuedOperations": null,
            "netIncomeFromContinuingOps": null,
            "netIncomeApplicableToCommonShares": null,
            "preferredStockAndOtherAdjustments": null
        },
        "2010-09-30": {
            "date": "2010-09-30",
            "filing_date": "2010-09-30",
            "currency_symbol": "USD",
            "researchDevelopment": "1077000000.00",
            "effectOfAccountingCharges": null,
            "incomeBeforeTax": "2258000000.00",
            "minorityInterest": "6000000.00",
            "netIncome": "1548000000.00",
            "sellingGeneralAdministrative": "3011000000.00",
            "sellingAndMarketingExpenses": "82000000.00",
            "grossProfit": "6374000000.00",
            "reconciledDepreciation": "602000000.00",
            "ebit": "2529000000.00",
            "ebitda": "3131000000.00",
            "depreciationAndAmortization": "602000000.00",
            "nonOperatingIncomeNetOther": null,
            "operatingIncome": "2406000000.00",
            "otherOperatingExpenses": "5492000000.00",
            "interestExpense": "271000000.00",
            "taxProvision": null,
            "interestIncome": null,
            "netInterestIncome": null,
            "extraordinaryItems": null,
            "nonRecurring": null,
            "otherItems": null,
            "incomeTaxExpense": "704000000.00",
            "totalRevenue": "7898000000.00",
            "totalOperatingExpenses": "3968000000.00",
            "costOfRevenue": "1524000000.00",
            "totalOtherIncomeExpenseNet": "-148000000.00",
            "discontinuedOperations": null,
            "netIncomeFromContinuingOps": null,
            "netIncomeApplicableToCommonShares": null,
            "preferredStockAndOtherAdjustments": null
        },
        "2010-06-30": {
            "date": "2010-06-30",
            "filing_date": "2010-06-30",
            "currency_symbol": "USD",
            "researchDevelopment": "1320000000.00",
            "effectOfAccountingCharges": null,
            "incomeBeforeTax": "2917000000.00",
            "minorityInterest": "9000000.00",
            "netIncome": "2107000000.00",
            "sellingGeneralAdministrative": "2450000000.00",
            "sellingAndMarketingExpenses": "88000000.00",
            "grossProfit": "6726000000.00",
            "reconciledDepreciation": "431000000.00",
            "ebit": "3160000000.00",
            "ebitda": "3591000000.00",
            "depreciationAndAmortization": "431000000.00",
            "nonOperatingIncomeNetOther": null,
            "operatingIncome": "3034000000.00",
            "otherOperatingExpenses": "5144000000.00",
            "interestExpense": "243000000.00",
            "taxProvision": null,
            "interestIncome": null,
            "netInterestIncome": null,
            "extraordinaryItems": null,
            "nonRecurring": null,
            "otherItems": null,
            "incomeTaxExpense": "801000000.00",
            "totalRevenue": "8178000000.00",
            "totalOperatingExpenses": "3692000000.00",
            "costOfRevenue": "1452000000.00",
            "totalOtherIncomeExpenseNet": "-117000000.00",
            "discontinuedOperations": null,
            "netIncomeFromContinuingOps": null,
            "netIncomeApplicableToCommonShares": null,
            "preferredStockAndOtherAdjustments": null
        },
        "2010-03-31": {
            "date": "2010-03-31",
            "filing_date": "2010-03-31",
            "currency_symbol": "USD",
            "researchDevelopment": "991000000.00",
            "effectOfAccountingCharges": null,
            "incomeBeforeTax": "3519000000.00",
            "minorityInterest": "2000000.00",
            "netIncome": "2777000000.00",
            "sellingGeneralAdministrative": "2462000000.00",
            "sellingAndMarketingExpenses": "78000000.00",
            "grossProfit": "6922000000.00",
            "reconciledDepreciation": "401000000.00",
            "ebit": "3776000000.00",
            "ebitda": "4177000000.00",
            "depreciationAndAmortization": "401000000.00",
            "nonOperatingIncomeNetOther": null,
            "operatingIncome": "3643000000.00",
            "otherOperatingExpenses": "4933000000.00",
            "interestExpense": "257000000.00",
            "taxProvision": null,
            "interestIncome": null,
            "netInterestIncome": null,
            "extraordinaryItems": null,
            "nonRecurring": null,
            "otherItems": null,
            "incomeTaxExpense": "740000000.00",
            "totalRevenue": "8576000000.00",
            "totalOperatingExpenses": "3279000000.00",
            "costOfRevenue": "1654000000.00",
            "totalOtherIncomeExpenseNet": "-124000000.00",
            "discontinuedOperations": null,
            "netIncomeFromContinuingOps": null,
            "netIncomeApplicableToCommonShares": null,
            "preferredStockAndOtherAdjustments": null
        },
        "2009-12-31": {
            "date": "2009-12-31",
            "filing_date": "2009-12-31",
            "currency_symbol": "USD",
            "researchDevelopment": "1314000000.00",
            "effectOfAccountingCharges": null,
            "incomeBeforeTax": "2164000000.00",
            "minorityInterest": "9000000.00",
            "netIncome": "1553000000.00",
            "sellingGeneralAdministrative": "3465000000.00",
            "sellingAndMarketingExpenses": "91000000.00",
            "grossProfit": "7280000000.00",
            "reconciledDepreciation": "775000000.00",
            "ebit": "2455000000.00",
            "ebitda": "3230000000.00",
            "depreciationAndAmortization": "775000000.00",
            "nonOperatingIncomeNetOther": null,
            "operatingIncome": "2325000000.00",
            "otherOperatingExpenses": "5982000000.00",
            "interestExpense": "291000000.00",
            "taxProvision": null,
            "interestIncome": null,
            "netInterestIncome": null,
            "extraordinaryItems": null,
            "nonRecurring": null,
            "otherItems": null,
            "incomeTaxExpense": "602000000.00",
            "totalRevenue": "8945000000.00",
            "totalOperatingExpenses": "4317000000.00",
            "costOfRevenue": "1665000000.00",
            "totalOtherIncomeExpenseNet": "-161000000.00",
            "discontinuedOperations": null,
            "netIncomeFromContinuingOps": null,
            "netIncomeApplicableToCommonShares": null,
            "preferredStockAndOtherAdjustments": null
        },
        "2009-09-30": {
            "date": "2009-09-30",
            "filing_date": "2009-09-30",
            "currency_symbol": "USD",
            "researchDevelopment": "1056000000.00",
            "effectOfAccountingCharges": null,
            "incomeBeforeTax": "3032000000.00",
            "minorityInterest": "6000000.00",
            "netIncome": "2115000000.00",
            "sellingGeneralAdministrative": "2663000000.00",
            "sellingAndMarketingExpenses": "73000000.00",
            "grossProfit": "6937000000.00",
            "reconciledDepreciation": "463000000.00",
            "ebit": "3329000000.00",
            "ebitda": "3792000000.00",
            "depreciationAndAmortization": "463000000.00",
            "nonOperatingIncomeNetOther": null,
            "operatingIncome": "3204000000.00",
            "otherOperatingExpenses": "5055000000.00",
            "interestExpense": "297000000.00",
            "taxProvision": null,
            "interestIncome": null,
            "netInterestIncome": null,
            "extraordinaryItems": null,
            "nonRecurring": null,
            "otherItems": null,
            "incomeTaxExpense": "911000000.00",
            "totalRevenue": "8200000000.00",
            "totalOperatingExpenses": "3792000000.00",
            "costOfRevenue": "1263000000.00",
            "totalOtherIncomeExpenseNet": "-172000000.00",
            "discontinuedOperations": null,
            "netIncomeFromContinuingOps": null,
            "netIncomeApplicableToCommonShares": null,
            "preferredStockAndOtherAdjustments": null
        },
        "2009-06-30": {
            "date": "2009-06-30",
            "filing_date": "2009-06-30",
            "currency_symbol": "USD",
            "researchDevelopment": "1059000000.00",
            "effectOfAccountingCharges": null,
            "incomeBeforeTax": "2608000000.00",
            "minorityInterest": "10000000.00",
            "netIncome": "1707000000.00",
            "sellingGeneralAdministrative": "2828000000.00",
            "sellingAndMarketingExpenses": "70000000.00",
            "grossProfit": "6494000000.00",
            "reconciledDepreciation": "464000000.00",
            "ebit": "2945000000.00",
            "ebitda": "3409000000.00",
            "depreciationAndAmortization": "464000000.00",
            "nonOperatingIncomeNetOther": null,
            "operatingIncome": "2851000000.00",
            "otherOperatingExpenses": "5107000000.00",
            "interestExpense": "337000000.00",
            "taxProvision": null,
            "interestIncome": null,
            "netInterestIncome": null,
            "extraordinaryItems": null,
            "nonRecurring": null,
            "otherItems": null,
            "incomeTaxExpense": "891000000.00",
            "totalRevenue": "7958000000.00",
            "totalOperatingExpenses": "3643000000.00",
            "costOfRevenue": "1464000000.00",
            "totalOtherIncomeExpenseNet": "-243000000.00",
            "discontinuedOperations": null,
            "netIncomeFromContinuingOps": null,
            "netIncomeApplicableToCommonShares": null,
            "preferredStockAndOtherAdjustments": null
        },
        "2009-03-31": {
            "date": "2009-03-31",
            "filing_date": "2009-03-31",
            "currency_symbol": "USD",
            "researchDevelopment": "980000000.00",
            "effectOfAccountingCharges": null,
            "incomeBeforeTax": "3003000000.00",
            "minorityInterest": null,
            "netIncome": "2146000000.00",
            "sellingGeneralAdministrative": "2376000000.00",
            "sellingAndMarketingExpenses": "64000000.00",
            "grossProfit": "6318000000.00",
            "reconciledDepreciation": "385000000.00",
            "ebit": "3276000000.00",
            "ebitda": "3661000000.00",
            "depreciationAndAmortization": "385000000.00",
            "nonOperatingIncomeNetOther": null,
            "operatingIncome": "3163000000.00",
            "otherOperatingExpenses": "4538000000.00",
            "interestExpense": "273000000.00",
            "taxProvision": null,
            "interestIncome": null,
            "netInterestIncome": null,
            "extraordinaryItems": null,
            "nonRecurring": null,
            "otherItems": null,
            "incomeTaxExpense": "859000000.00",
            "totalRevenue": "7701000000.00",
            "totalOperatingExpenses": "3155000000.00",
            "costOfRevenue": "1383000000.00",
            "totalOtherIncomeExpenseNet": "-160000000.00",
            "discontinuedOperations": null,
            "netIncomeFromContinuingOps": null,
            "netIncomeApplicableToCommonShares": null,
            "preferredStockAndOtherAdjustments": null
        },
        "2008-12-31": {
            "date": "2008-12-31",
            "filing_date": "2008-12-31",
            "currency_symbol": "USD",
            "researchDevelopment": "1471000000.00",
            "effectOfAccountingCharges": null,
            "incomeBeforeTax": "1816000000.00",
            "minorityInterest": "11000000.00",
            "netIncome": "1248000000.00",
            "sellingGeneralAdministrative": "3303000000.00",
            "sellingAndMarketingExpenses": null,
            "grossProfit": "6081000000.00",
            "reconciledDepreciation": "927000000.00",
            "ebit": "1255000000.00",
            "ebitda": "2182000000.00",
            "depreciationAndAmortization": "927000000.00",
            "nonOperatingIncomeNetOther": null,
            "operatingIncome": "1892000000.00",
            "otherOperatingExpenses": "6558000000.00",
            "interestExpense": "495000000.00",
            "taxProvision": null,
            "interestIncome": null,
            "netInterestIncome": null,
            "extraordinaryItems": null,
            "nonRecurring": null,
            "otherItems": null,
            "incomeTaxExpense": "557000000.00",
            "totalRevenue": "8193000000.00",
            "totalOperatingExpenses": "4446000000.00",
            "costOfRevenue": "2112000000.00",
            "totalOtherIncomeExpenseNet": "-76000000.00",
            "discontinuedOperations": null,
            "netIncomeFromContinuingOps": null,
            "netIncomeApplicableToCommonShares": null,
            "preferredStockAndOtherAdjustments": null
        },
        "2008-09-30": {
            "date": "2008-09-30",
            "filing_date": "2008-09-30",
            "currency_symbol": "USD",
            "researchDevelopment": "1261000000.00",
            "effectOfAccountingCharges": null,
            "incomeBeforeTax": "2443000000.00",
            "minorityInterest": "8000000.00",
            "netIncome": "1730000000.00",
            "sellingGeneralAdministrative": "5324000000.00",
            "sellingAndMarketingExpenses": "7758000000.00",
            "grossProfit": "6190000000.00",
            "reconciledDepreciation": "530000000.00",
            "ebit": "2757000000.00",
            "ebitda": "3287000000.00",
            "depreciationAndAmortization": "530000000.00",
            "nonOperatingIncomeNetOther": null,
            "operatingIncome": "2522000000.00",
            "otherOperatingExpenses": "5244000000.00",
            "interestExpense": "314000000.00",
            "taxProvision": null,
            "interestIncome": null,
            "netInterestIncome": null,
            "extraordinaryItems": null,
            "nonRecurring": null,
            "otherItems": null,
            "incomeTaxExpense": "705000000.00",
            "totalRevenue": "7775000000.00",
            "totalOperatingExpenses": "3659000000.00",
            "costOfRevenue": "1585000000.00",
            "totalOtherIncomeExpenseNet": "-79000000.00",
            "discontinuedOperations": null,
            "netIncomeFromContinuingOps": null,
            "netIncomeApplicableToCommonShares": null,
            "preferredStockAndOtherAdjustments": null
        },
        "2008-06-30": {
            "date": "2008-06-30",
            "filing_date": "2008-06-30",
            "currency_symbol": "USD",
            "researchDevelopment": "1265000000.00",
            "effectOfAccountingCharges": null,
            "incomeBeforeTax": "2279000000.00",
            "minorityInterest": "8000000.00",
            "netIncome": "1620000000.00",
            "sellingGeneralAdministrative": "2684000000.00",
            "sellingAndMarketingExpenses": "75000000.00",
            "grossProfit": "6525000000.00",
            "reconciledDepreciation": "461000000.00",
            "ebit": "2617000000.00",
            "ebitda": "3078000000.00",
            "depreciationAndAmortization": "461000000.00",
            "nonOperatingIncomeNetOther": null,
            "operatingIncome": "2473000000.00",
            "otherOperatingExpenses": "5352000000.00",
            "interestExpense": "338000000.00",
            "taxProvision": null,
            "interestIncome": null,
            "netInterestIncome": null,
            "extraordinaryItems": null,
            "nonRecurring": null,
            "otherItems": null,
            "incomeTaxExpense": "651000000.00",
            "totalRevenue": "7956000000.00",
            "totalOperatingExpenses": "3921000000.00",
            "costOfRevenue": "1431000000.00",
            "totalOtherIncomeExpenseNet": "-194000000.00",
            "discontinuedOperations": null,
            "netIncomeFromContinuingOps": null,
            "netIncomeApplicableToCommonShares": null,
            "preferredStockAndOtherAdjustments": null
        },
        "2008-03-31": {
            "date": "2008-03-31",
            "filing_date": "2008-03-31",
            "currency_symbol": "USD",
            "researchDevelopment": "1182000000.00",
            "effectOfAccountingCharges": null,
            "incomeBeforeTax": "2143000000.00",
            "minorityInterest": "2000000.00",
            "netIncome": "1503000000.00",
            "sellingGeneralAdministrative": "2640000000.00",
            "sellingAndMarketingExpenses": "66000000.00",
            "grossProfit": "6207000000.00",
            "reconciledDepreciation": "702000000.00",
            "ebit": "2515000000.00",
            "ebitda": "3217000000.00",
            "depreciationAndAmortization": "702000000.00",
            "nonOperatingIncomeNetOther": null,
            "operatingIncome": "2257000000.00",
            "otherOperatingExpenses": "5303000000.00",
            "interestExpense": "372000000.00",
            "taxProvision": null,
            "interestIncome": null,
            "netInterestIncome": null,
            "extraordinaryItems": null,
            "nonRecurring": null,
            "otherItems": null,
            "incomeTaxExpense": "638000000.00",
            "totalRevenue": "7677000000.00",
            "totalOperatingExpenses": "3833000000.00",
            "costOfRevenue": "1470000000.00",
            "totalOtherIncomeExpenseNet": "-114000000.00",
            "discontinuedOperations": null,
            "netIncomeFromContinuingOps": null,
            "netIncomeApplicableToCommonShares": null,
            "preferredStockAndOtherAdjustments": null
        },
        "2007-12-31": {
            "date": "2007-12-31",
            "filing_date": "2007-12-31",
            "currency_symbol": "USD",
            "researchDevelopment": "1469000000.00",
            "effectOfAccountingCharges": null,
            "incomeBeforeTax": "1837000000.00",
            "minorityInterest": "9000000.00",
            "netIncome": "1266000000.00",
            "sellingGeneralAdministrative": "2857000000.00",
            "sellingAndMarketingExpenses": null,
            "grossProfit": "6029000000.00",
            "reconciledDepreciation": "552000000.00",
            "ebit": "1226000000.00",
            "ebitda": "1778000000.00",
            "depreciationAndAmortization": "552000000.00",
            "nonOperatingIncomeNetOther": null,
            "operatingIncome": "1929000000.00",
            "otherOperatingExpenses": "6845000000.00",
            "interestExpense": "353000000.00",
            "taxProvision": null,
            "interestIncome": null,
            "netInterestIncome": null,
            "extraordinaryItems": null,
            "nonRecurring": null,
            "otherItems": null,
            "incomeTaxExpense": "562000000.00",
            "totalRevenue": "8170000000.00",
            "totalOperatingExpenses": "4704000000.00",
            "costOfRevenue": "2141000000.00",
            "totalOtherIncomeExpenseNet": "-92000000.00",
            "discontinuedOperations": null,
            "netIncomeFromContinuingOps": null,
            "netIncomeApplicableToCommonShares": null,
            "preferredStockAndOtherAdjustments": null
        },
        "2007-09-30": {
            "date": "2007-09-30",
            "filing_date": "2007-09-30",
            "currency_symbol": "USD",
            "researchDevelopment": "1327000000.00",
            "effectOfAccountingCharges": null,
            "incomeBeforeTax": "1888000000.00",
            "minorityInterest": "8000000.00",
            "netIncome": "1343000000.00",
            "sellingGeneralAdministrative": "4552000000.00",
            "sellingAndMarketingExpenses": "7121000000.00",
            "grossProfit": "5745000000.00",
            "reconciledDepreciation": "565000000.00",
            "ebit": "2239000000.00",
            "ebitda": "2804000000.00",
            "depreciationAndAmortization": "565000000.00",
            "nonOperatingIncomeNetOther": null,
            "operatingIncome": "2022000000.00",
            "otherOperatingExpenses": "4982000000.00",
            "interestExpense": "351000000.00",
            "taxProvision": null,
            "interestIncome": null,
            "netInterestIncome": null,
            "extraordinaryItems": null,
            "nonRecurring": null,
            "otherItems": null,
            "incomeTaxExpense": "537000000.00",
            "totalRevenue": "7150000000.00",
            "totalOperatingExpenses": "3577000000.00",
            "costOfRevenue": "1405000000.00",
            "totalOtherIncomeExpenseNet": "-134000000.00",
            "discontinuedOperations": null,
            "netIncomeFromContinuingOps": null,
            "netIncomeApplicableToCommonShares": null,
            "preferredStockAndOtherAdjustments": null
        },
        "2007-06-30": {
            "date": "2007-06-30",
            "filing_date": "2007-06-30",
            "currency_symbol": "USD",
            "researchDevelopment": "1196000000.00",
            "effectOfAccountingCharges": null,
            "incomeBeforeTax": "1991000000.00",
            "minorityInterest": "11000000.00",
            "netIncome": "1426000000.00",
            "sellingGeneralAdministrative": "4552000000.00",
            "sellingAndMarketingExpenses": "2156000000.00",
            "grossProfit": "5804000000.00",
            "reconciledDepreciation": "369000000.00",
            "ebit": "2212000000.00",
            "ebitda": "2581000000.00",
            "depreciationAndAmortization": "369000000.00",
            "nonOperatingIncomeNetOther": null,
            "operatingIncome": "1973000000.00",
            "otherOperatingExpenses": "4924000000.00",
            "interestExpense": "221000000.00",
            "taxProvision": null,
            "interestIncome": null,
            "netInterestIncome": null,
            "extraordinaryItems": null,
            "nonRecurring": null,
            "otherItems": null,
            "incomeTaxExpense": "554000000.00",
            "totalRevenue": "7273000000.00",
            "totalOperatingExpenses": "3455000000.00",
            "costOfRevenue": "1469000000.00",
            "totalOtherIncomeExpenseNet": "18000000.00",
            "discontinuedOperations": null,
            "netIncomeFromContinuingOps": null,
            "netIncomeApplicableToCommonShares": null,
            "preferredStockAndOtherAdjustments": null
        },
        "2007-03-31": {
            "date": "2007-03-31",
            "filing_date": "2007-03-31",
            "currency_symbol": "USD",
            "researchDevelopment": "1170000000.00",
            "effectOfAccountingCharges": null,
            "incomeBeforeTax": "2267000000.00",
            "minorityInterest": "4000000.00",
            "netIncome": "1560000000.00",
            "sellingGeneralAdministrative": "2278000000.00",
            "sellingAndMarketingExpenses": "2278000000.00",
            "grossProfit": "5562000000.00",
            "reconciledDepreciation": "370000000.00",
            "ebit": "2417000000.00",
            "ebitda": "2787000000.00",
            "depreciationAndAmortization": "370000000.00",
            "nonOperatingIncomeNetOther": null,
            "operatingIncome": "2170000000.00",
            "otherOperatingExpenses": "4714000000.00",
            "interestExpense": "150000000.00",
            "taxProvision": null,
            "interestIncome": null,
            "netInterestIncome": null,
            "extraordinaryItems": null,
            "nonRecurring": null,
            "otherItems": null,
            "incomeTaxExpense": "703000000.00",
            "totalRevenue": "6966000000.00",
            "totalOperatingExpenses": "3310000000.00",
            "costOfRevenue": "1404000000.00",
            "totalOtherIncomeExpenseNet": "97000000.00",
            "discontinuedOperations": null,
            "netIncomeFromContinuingOps": null,
            "netIncomeApplicableToCommonShares": null,
            "preferredStockAndOtherAdjustments": null
        },
        "2006-12-31": {
            "date": "2006-12-31",
            "filing_date": "2006-12-31",
            "currency_symbol": "USD",
            "researchDevelopment": "1124000000.00",
            "effectOfAccountingCharges": null,
            "incomeBeforeTax": "2103000000.00",
            "minorityInterest": "13000000.00",
            "netIncome": "1432000000.00",
            "sellingGeneralAdministrative": "2902000000.00",
            "sellingAndMarketingExpenses": "165000000.00",
            "grossProfit": "5576000000.00",
            "reconciledDepreciation": "428000000.00",
            "ebit": "1382000000.00",
            "ebitda": "1810000000.00",
            "depreciationAndAmortization": "428000000.00",
            "nonOperatingIncomeNetOther": null,
            "operatingIncome": "2003000000.00",
            "otherOperatingExpenses": "5151000000.00",
            "interestExpense": "262000000.00",
            "taxProvision": null,
            "interestIncome": null,
            "netInterestIncome": null,
            "extraordinaryItems": null,
            "nonRecurring": null,
            "otherItems": null,
            "incomeTaxExpense": "658000000.00",
            "totalRevenue": "7154000000.00",
            "totalOperatingExpenses": "3573000000.00",
            "costOfRevenue": "1578000000.00",
            "totalOtherIncomeExpenseNet": "100000000.00",
            "discontinuedOperations": null,
            "netIncomeFromContinuingOps": null,
            "netIncomeApplicableToCommonShares": null,
            "preferredStockAndOtherAdjustments": null
        },
        "2006-09-30": {
            "date": "2006-09-30",
            "filing_date": "2006-09-30",
            "currency_symbol": "USD",
            "researchDevelopment": "962000000.00",
            "effectOfAccountingCharges": null,
            "incomeBeforeTax": "2187000000.00",
            "minorityInterest": "5000000.00",
            "netIncome": "1587000000.00",
            "sellingGeneralAdministrative": "2127000000.00",
            "sellingAndMarketingExpenses": "53000000.00",
            "grossProfit": "5177000000.00",
            "reconciledDepreciation": "329000000.00",
            "ebit": "2327000000.00",
            "ebitda": "2656000000.00",
            "depreciationAndAmortization": "329000000.00",
            "nonOperatingIncomeNetOther": null,
            "operatingIncome": "2106000000.00",
            "otherOperatingExpenses": "4410000000.00",
            "interestExpense": "140000000.00",
            "taxProvision": null,
            "interestIncome": null,
            "netInterestIncome": null,
            "extraordinaryItems": null,
            "nonRecurring": null,
            "otherItems": null,
            "incomeTaxExpense": "595000000.00",
            "totalRevenue": "6516000000.00",
            "totalOperatingExpenses": "3071000000.00",
            "costOfRevenue": "1339000000.00",
            "totalOtherIncomeExpenseNet": "81000000.00",
            "discontinuedOperations": null,
            "netIncomeFromContinuingOps": null,
            "netIncomeApplicableToCommonShares": null,
            "preferredStockAndOtherAdjustments": null
        },
        "2006-06-30": {
            "date": "2006-06-30",
            "filing_date": "2006-06-30",
            "currency_symbol": "USD",
            "researchDevelopment": "955000000.00",
            "effectOfAccountingCharges": null,
            "incomeBeforeTax": "2209000000.00",
            "minorityInterest": "3000000.00",
            "netIncome": "1599000000.00",
            "sellingGeneralAdministrative": "2232000000.00",
            "sellingAndMarketingExpenses": "58000000.00",
            "grossProfit": "5234000000.00",
            "reconciledDepreciation": "306000000.00",
            "ebit": "2331000000.00",
            "ebitda": "2637000000.00",
            "depreciationAndAmortization": "306000000.00",
            "nonOperatingIncomeNetOther": null,
            "operatingIncome": "2131000000.00",
            "otherOperatingExpenses": "4494000000.00",
            "interestExpense": "122000000.00",
            "taxProvision": null,
            "interestIncome": null,
            "netInterestIncome": null,
            "extraordinaryItems": null,
            "nonRecurring": null,
            "otherItems": null,
            "incomeTaxExpense": "607000000.00",
            "totalRevenue": "6625000000.00",
            "totalOperatingExpenses": "3103000000.00",
            "costOfRevenue": "1391000000.00",
            "totalOtherIncomeExpenseNet": "78000000.00",
            "discontinuedOperations": null,
            "netIncomeFromContinuingOps": null,
            "netIncomeApplicableToCommonShares": null,
            "preferredStockAndOtherAdjustments": null
        },
        "2006-03-31": {
            "date": "2006-03-31",
            "filing_date": "2006-03-31",
            "currency_symbol": "USD",
            "researchDevelopment": "861000000.00",
            "effectOfAccountingCharges": null,
            "incomeBeforeTax": "2044000000.00",
            "minorityInterest": null,
            "netIncome": "1424000000.00",
            "sellingGeneralAdministrative": "2061000000.00",
            "sellingAndMarketingExpenses": "54000000.00",
            "grossProfit": "4929000000.00",
            "reconciledDepreciation": "282000000.00",
            "ebit": "1976000000.00",
            "ebitda": "2258000000.00",
            "depreciationAndAmortization": "282000000.00",
            "nonOperatingIncomeNetOther": null,
            "operatingIncome": "1976000000.00",
            "otherOperatingExpenses": "4204000000.00",
            "interestExpense": "132000000.00",
            "taxProvision": null,
            "interestIncome": null,
            "netInterestIncome": null,
            "extraordinaryItems": null,
            "nonRecurring": null,
            "otherItems": null,
            "incomeTaxExpense": "620000000.00",
            "totalRevenue": "6180000000.00",
            "totalOperatingExpenses": "2953000000.00",
            "costOfRevenue": "1251000000.00",
            "totalOtherIncomeExpenseNet": "68000000.00",
            "discontinuedOperations": null,
            "netIncomeFromContinuingOps": null,
            "netIncomeApplicableToCommonShares": null,
            "preferredStockAndOtherAdjustments": null
        },
        "2005-12-31": {
            "date": "2005-12-31",
            "filing_date": "2005-12-31",
            "currency_symbol": "USD",
            "researchDevelopment": "873000000.00",
            "effectOfAccountingCharges": null,
            "incomeBeforeTax": "1689000000.00",
            "minorityInterest": "3000000.00",
            "netIncome": "1224000000.00",
            "sellingGeneralAdministrative": "2769000000.00",
            "sellingAndMarketingExpenses": "155000000.00",
            "grossProfit": "4898000000.00",
            "reconciledDepreciation": "394000000.00",
            "ebit": "1152000000.00",
            "ebitda": "1546000000.00",
            "depreciationAndAmortization": "394000000.00",
            "nonOperatingIncomeNetOther": null,
            "operatingIncome": "1636000000.00",
            "otherOperatingExpenses": "4650000000.00",
            "interestExpense": "272000000.00",
            "taxProvision": null,
            "interestIncome": null,
            "netInterestIncome": null,
            "extraordinaryItems": null,
            "nonRecurring": null,
            "otherItems": null,
            "incomeTaxExpense": "462000000.00",
            "totalRevenue": "6286000000.00",
            "totalOperatingExpenses": "3262000000.00",
            "costOfRevenue": "1388000000.00",
            "totalOtherIncomeExpenseNet": "53000000.00",
            "discontinuedOperations": null,
            "netIncomeFromContinuingOps": null,
            "netIncomeApplicableToCommonShares": null,
            "preferredStockAndOtherAdjustments": null
        },
        "2005-09-30": {
            "date": "2005-09-30",
            "filing_date": "2005-09-30",
            "currency_symbol": "USD",
            "researchDevelopment": "781000000.00",
            "effectOfAccountingCharges": null,
            "incomeBeforeTax": "1743000000.00",
            "minorityInterest": "7000000.00",
            "netIncome": "1223000000.00",
            "sellingGeneralAdministrative": "2005000000.00",
            "sellingAndMarketingExpenses": "51000000.00",
            "grossProfit": "4544000000.00",
            "reconciledDepreciation": "303000000.00",
            "ebit": "2115000000.00",
            "ebitda": "2418000000.00",
            "depreciationAndAmortization": "303000000.00",
            "nonOperatingIncomeNetOther": null,
            "operatingIncome": "1695000000.00",
            "otherOperatingExpenses": "4094000000.00",
            "interestExpense": "372000000.00",
            "taxProvision": null,
            "interestIncome": null,
            "netInterestIncome": null,
            "extraordinaryItems": null,
            "nonRecurring": null,
            "otherItems": null,
            "incomeTaxExpense": "513000000.00",
            "totalRevenue": "5789000000.00",
            "totalOperatingExpenses": "2849000000.00",
            "costOfRevenue": "1245000000.00",
            "totalOtherIncomeExpenseNet": "48000000.00",
            "discontinuedOperations": null,
            "netIncomeFromContinuingOps": null,
            "netIncomeApplicableToCommonShares": null,
            "preferredStockAndOtherAdjustments": null
        },
        "2005-06-30": {
            "date": "2005-06-30",
            "filing_date": "2005-06-30",
            "currency_symbol": "USD",
            "researchDevelopment": "860000000.00",
            "effectOfAccountingCharges": null,
            "incomeBeforeTax": "1749000000.00",
            "minorityInterest": "5000000.00",
            "netIncome": "1219000000.00",
            "sellingGeneralAdministrative": "2175000000.00",
            "sellingAndMarketingExpenses": "54000000.00",
            "grossProfit": "4819000000.00",
            "reconciledDepreciation": "321000000.00",
            "ebit": "1663000000.00",
            "ebitda": "1984000000.00",
            "depreciationAndAmortization": "321000000.00",
            "nonOperatingIncomeNetOther": null,
            "operatingIncome": "1718000000.00",
            "otherOperatingExpenses": "4414000000.00",
            "interestExpense": "86000000.00",
            "taxProvision": null,
            "interestIncome": null,
            "netInterestIncome": null,
            "extraordinaryItems": null,
            "nonRecurring": null,
            "otherItems": null,
            "incomeTaxExpense": "525000000.00",
            "totalRevenue": "6132000000.00",
            "totalOperatingExpenses": "3101000000.00",
            "costOfRevenue": "1313000000.00",
            "totalOtherIncomeExpenseNet": "31000000.00",
            "discontinuedOperations": null,
            "netIncomeFromContinuingOps": null,
            "netIncomeApplicableToCommonShares": null,
            "preferredStockAndOtherAdjustments": null
        },
        "2005-03-31": {
            "date": "2005-03-31",
            "filing_date": "2005-03-31",
            "currency_symbol": "USD",
            "researchDevelopment": "865000000.00",
            "effectOfAccountingCharges": null,
            "incomeBeforeTax": "1486000000.00",
            "minorityInterest": "3000000.00",
            "netIncome": "1040000000.00",
            "sellingGeneralAdministrative": "1957000000.00",
            "sellingAndMarketingExpenses": "50000000.00",
            "grossProfit": "4333000000.00",
            "reconciledDepreciation": "309000000.00",
            "ebit": "1572000000.00",
            "ebitda": "1881000000.00",
            "depreciationAndAmortization": "309000000.00",
            "nonOperatingIncomeNetOther": null,
            "operatingIncome": "1453000000.00",
            "otherOperatingExpenses": "4290000000.00",
            "interestExpense": "86000000.00",
            "taxProvision": null,
            "interestIncome": null,
            "netInterestIncome": null,
            "extraordinaryItems": null,
            "nonRecurring": null,
            "otherItems": null,
            "incomeTaxExpense": "443000000.00",
            "totalRevenue": "5743000000.00",
            "totalOperatingExpenses": "2880000000.00",
            "costOfRevenue": "1410000000.00",
            "totalOtherIncomeExpenseNet": "33000000.00",
            "discontinuedOperations": null,
            "netIncomeFromContinuingOps": null,
            "netIncomeApplicableToCommonShares": null,
            "preferredStockAndOtherAdjustments": null
        },
        "2004-12-31": {
            "date": "2004-12-31",
            "filing_date": "2004-12-31",
            "currency_symbol": "USD",
            "researchDevelopment": "1235000000.00",
            "effectOfAccountingCharges": null,
            "incomeBeforeTax": "1317000000.00",
            "minorityInterest": "7000000.00",
            "netIncome": "1072000000.00",
            "sellingGeneralAdministrative": "2020000000.00",
            "sellingAndMarketingExpenses": "132000000.00",
            "grossProfit": "4344000000.00",
            "reconciledDepreciation": "372000000.00",
            "ebit": "-3576000000.00",
            "ebitda": "-3204000000.00",
            "depreciationAndAmortization": "372000000.00",
            "nonOperatingIncomeNetOther": null,
            "operatingIncome": "-2961000000.00",
            "otherOperatingExpenses": "8760000000.00",
            "interestExpense": null,
            "taxProvision": null,
            "interestIncome": null,
            "netInterestIncome": null,
            "extraordinaryItems": null,
            "nonRecurring": null,
            "otherItems": null,
            "incomeTaxExpense": "526000000.00",
            "totalRevenue": "5799000000.00",
            "totalOperatingExpenses": "7305000000.00",
            "costOfRevenue": "1455000000.00",
            "totalOtherIncomeExpenseNet": "4278000000.00",
            "discontinuedOperations": null,
            "netIncomeFromContinuingOps": null,
            "netIncomeApplicableToCommonShares": null,
            "preferredStockAndOtherAdjustments": null
        },
        "2004-09-30": {
            "date": "2004-09-30",
            "filing_date": "2004-09-30",
            "currency_symbol": "USD",
            "researchDevelopment": "823000000.00",
            "effectOfAccountingCharges": null,
            "incomeBeforeTax": "1419000000.00",
            "minorityInterest": "4000000.00",
            "netIncome": "1133000000.00",
            "sellingGeneralAdministrative": "2011000000.00",
            "sellingAndMarketingExpenses": null,
            "grossProfit": "3979000000.00",
            "reconciledDepreciation": "291000000.00",
            "ebit": "1172000000.00",
            "ebitda": "1463000000.00",
            "depreciationAndAmortization": "291000000.00",
            "nonOperatingIncomeNetOther": null,
            "operatingIncome": "1172000000.00",
            "otherOperatingExpenses": "4093000000.00",
            "interestExpense": null,
            "taxProvision": null,
            "interestIncome": null,
            "netInterestIncome": null,
            "extraordinaryItems": null,
            "nonRecurring": null,
            "otherItems": null,
            "incomeTaxExpense": "280000000.00",
            "totalRevenue": "5265000000.00",
            "totalOperatingExpenses": "2807000000.00",
            "costOfRevenue": "1286000000.00",
            "totalOtherIncomeExpenseNet": "247000000.00",
            "discontinuedOperations": null,
            "netIncomeFromContinuingOps": null,
            "netIncomeApplicableToCommonShares": null,
            "preferredStockAndOtherAdjustments": null
        },
        "2004-06-30": {
            "date": "2004-06-30",
            "filing_date": "2004-06-30",
            "currency_symbol": "USD",
            "researchDevelopment": "888000000.00",
            "effectOfAccountingCharges": null,
            "incomeBeforeTax": "1046000000.00",
            "minorityInterest": "5000000.00",
            "netIncome": "811000000.00",
            "sellingGeneralAdministrative": "2206000000.00",
            "sellingAndMarketingExpenses": null,
            "grossProfit": "4037000000.00",
            "reconciledDepreciation": "303000000.00",
            "ebit": "1052000000.00",
            "ebitda": "1355000000.00",
            "depreciationAndAmortization": "303000000.00",
            "nonOperatingIncomeNetOther": null,
            "operatingIncome": "1052000000.00",
            "otherOperatingExpenses": "4236000000.00",
            "interestExpense": null,
            "taxProvision": null,
            "interestIncome": null,
            "netInterestIncome": null,
            "extraordinaryItems": null,
            "nonRecurring": null,
            "otherItems": null,
            "incomeTaxExpense": "230000000.00",
            "totalRevenue": "5288000000.00",
            "totalOperatingExpenses": "2985000000.00",
            "costOfRevenue": "1251000000.00",
            "totalOtherIncomeExpenseNet": "-6000000.00",
            "discontinuedOperations": null,
            "netIncomeFromContinuingOps": null,
            "netIncomeApplicableToCommonShares": null,
            "preferredStockAndOtherAdjustments": null
        },
        "2004-03-31": {
            "date": "2004-03-31",
            "filing_date": "2004-03-31",
            "currency_symbol": "USD",
            "researchDevelopment": "857000000.00",
            "effectOfAccountingCharges": null,
            "incomeBeforeTax": "1084000000.00",
            "minorityInterest": "2000000.00",
            "netIncome": "797000000.00",
            "sellingGeneralAdministrative": "2003000000.00",
            "sellingAndMarketingExpenses": null,
            "grossProfit": "3916000000.00",
            "reconciledDepreciation": "302000000.00",
            "ebit": "1084000000.00",
            "ebitda": "1386000000.00",
            "depreciationAndAmortization": "302000000.00",
            "nonOperatingIncomeNetOther": null,
            "operatingIncome": "1052000000.00",
            "otherOperatingExpenses": "4022000000.00",
            "interestExpense": null,
            "taxProvision": null,
            "interestIncome": null,
            "netInterestIncome": null,
            "extraordinaryItems": null,
            "nonRecurring": null,
            "otherItems": null,
            "incomeTaxExpense": "285000000.00",
            "totalRevenue": "5074000000.00",
            "totalOperatingExpenses": "2864000000.00",
            "costOfRevenue": "1158000000.00",
            "totalOtherIncomeExpenseNet": "32000000.00",
            "discontinuedOperations": null,
            "netIncomeFromContinuingOps": null,
            "netIncomeApplicableToCommonShares": null,
            "preferredStockAndOtherAdjustments": null
        },
        "2003-12-31": {
            "date": "2003-12-31",
            "filing_date": "2003-12-31",
            "currency_symbol": null,
            "researchDevelopment": "1042000000.00",
            "effectOfAccountingCharges": null,
            "incomeBeforeTax": "846000000.00",
            "minorityInterest": null,
            "netIncome": "635000000.00",
            "sellingGeneralAdministrative": "1995000000.00",
            "sellingAndMarketingExpenses": null,
            "grossProfit": "3818000000.00",
            "reconciledDepreciation": "390000000.00",
            "ebit": "778000000.00",
            "ebitda": "1168000000.00",
            "depreciationAndAmortization": "390000000.00",
            "nonOperatingIncomeNetOther": null,
            "operatingIncome": "849000000.00",
            "otherOperatingExpenses": "4026000000.00",
            "interestExpense": null,
            "taxProvision": null,
            "interestIncome": null,
            "netInterestIncome": null,
            "extraordinaryItems": null,
            "nonRecurring": null,
            "otherItems": null,
            "incomeTaxExpense": "226000000.00",
            "totalRevenue": "4875000000.00",
            "totalOperatingExpenses": "2969000000.00",
            "costOfRevenue": "1057000000.00",
            "totalOtherIncomeExpenseNet": "-3000000.00",
            "discontinuedOperations": null,
            "netIncomeFromContinuingOps": null,
            "netIncomeApplicableToCommonShares": null,
            "preferredStockAndOtherAdjustments": null
        },
        "2003-09-30": {
            "date": "2003-09-30",
            "filing_date": "2003-09-30",
            "currency_symbol": null,
            "researchDevelopment": "807550220.00",
            "effectOfAccountingCharges": null,
            "incomeBeforeTax": "1112830528.00",
            "minorityInterest": null,
            "netIncome": "798545636.00",
            "sellingGeneralAdministrative": "1851186286.00",
            "sellingAndMarketingExpenses": null,
            "grossProfit": "3608677589.00",
            "reconciledDepreciation": "481838041.81",
            "ebit": "1112830528.00",
            "ebitda": "1594668569.00",
            "depreciationAndAmortization": "481838041.00",
            "nonOperatingIncomeNetOther": null,
            "operatingIncome": "1094977508.00",
            "otherOperatingExpenses": "3682466544.00",
            "interestExpense": null,
            "taxProvision": null,
            "interestIncome": null,
            "netInterestIncome": null,
            "extraordinaryItems": null,
            "nonRecurring": null,
            "otherItems": null,
            "incomeTaxExpense": "306303741.00",
            "totalRevenue": "4777444052.00",
            "totalOperatingExpenses": "2513700081.00",
            "costOfRevenue": "1168766463.00",
            "totalOtherIncomeExpenseNet": "17853020.00",
            "discontinuedOperations": null,
            "netIncomeFromContinuingOps": null,
            "netIncomeApplicableToCommonShares": null,
            "preferredStockAndOtherAdjustments": null
        },
        "2003-06-30": {
            "date": "2003-06-30",
            "filing_date": "2003-06-30",
            "currency_symbol": null,
            "researchDevelopment": "818159986.00",
            "effectOfAccountingCharges": null,
            "incomeBeforeTax": "925038136.00",
            "minorityInterest": null,
            "netIncome": "668918366.00",
            "sellingGeneralAdministrative": "1678357515.00",
            "sellingAndMarketingExpenses": "35057553.16",
            "grossProfit": "3347388181.00",
            "reconciledDepreciation": "145713059.38",
            "ebit": "925038137.00",
            "ebitda": "1070751196.00",
            "depreciationAndAmortization": "145713059.00",
            "nonOperatingIncomeNetOther": null,
            "operatingIncome": "892925371.00",
            "otherOperatingExpenses": "3560825908.00",
            "interestExpense": null,
            "taxProvision": null,
            "interestIncome": null,
            "netInterestIncome": null,
            "extraordinaryItems": null,
            "nonRecurring": null,
            "otherItems": null,
            "incomeTaxExpense": "254108914.00",
            "totalRevenue": "4453751279.00",
            "totalOperatingExpenses": "2454462809.00",
            "costOfRevenue": "1106363098.00",
            "totalOtherIncomeExpenseNet": "32112765.00",
            "discontinuedOperations": null,
            "netIncomeFromContinuingOps": null,
            "netIncomeApplicableToCommonShares": null,
            "preferredStockAndOtherAdjustments": null
        },
        "2003-03-31": {
            "date": "2003-03-31",
            "filing_date": "2003-03-31",
            "currency_symbol": null,
            "researchDevelopment": "783289792.00",
            "effectOfAccountingCharges": null,
            "incomeBeforeTax": "1295131335.00",
            "minorityInterest": null,
            "netIncome": "933535996.00",
            "sellingGeneralAdministrative": "1493456197.00",
            "sellingAndMarketingExpenses": "35057553.00",
            "grossProfit": "3605934229.00",
            "reconciledDepreciation": "272448898.81",
            "ebit": "1295131336.00",
            "ebitda": "1567580234.00",
            "depreciationAndAmortization": "272448898.00",
            "nonOperatingIncomeNetOther": null,
            "operatingIncome": "1274097119.00",
            "otherOperatingExpenses": "3468707547.00",
            "interestExpense": null,
            "taxProvision": null,
            "interestIncome": null,
            "netInterestIncome": null,
            "extraordinaryItems": null,
            "nonRecurring": null,
            "otherItems": null,
            "incomeTaxExpense": "356587343.00",
            "totalRevenue": "4742804667.00",
            "totalOperatingExpenses": "2331837109.00",
            "costOfRevenue": "1136870438.00",
            "totalOtherIncomeExpenseNet": "21034216.00",
            "discontinuedOperations": null,
            "netIncomeFromContinuingOps": null,
            "netIncomeApplicableToCommonShares": null,
            "preferredStockAndOtherAdjustments": null
        },
        "2002-12-31": {
            "date": "2002-12-31",
            "filing_date": "2002-12-31",
            "currency_symbol": null,
            "researchDevelopment": "896783771.00",
            "effectOfAccountingCharges": null,
            "incomeBeforeTax": "1064264667.00",
            "minorityInterest": null,
            "netIncome": "433291390.00",
            "sellingGeneralAdministrative": "1913306045.00",
            "sellingAndMarketingExpenses": "101775863.42",
            "grossProfit": "3669255598.00",
            "reconciledDepreciation": "261538185.13",
            "ebit": "707264667.00",
            "ebitda": "968802852.00",
            "depreciationAndAmortization": "261538185.00",
            "nonOperatingIncomeNetOther": null,
            "operatingIncome": "731211928.00",
            "otherOperatingExpenses": "3985690674.00",
            "interestExpense": null,
            "taxProvision": null,
            "interestIncome": null,
            "netInterestIncome": null,
            "extraordinaryItems": null,
            "nonRecurring": null,
            "otherItems": null,
            "incomeTaxExpense": "292946915.00",
            "totalRevenue": "4716902603.00",
            "totalOperatingExpenses": "2938043669.00",
            "costOfRevenue": "1047647005.00",
            "totalOtherIncomeExpenseNet": "333052739.00",
            "discontinuedOperations": null,
            "netIncomeFromContinuingOps": null,
            "netIncomeApplicableToCommonShares": null,
            "preferredStockAndOtherAdjustments": null
        },
        "2002-09-30": {
            "date": "2002-09-30",
            "filing_date": "2002-09-30",
            "currency_symbol": null,
            "researchDevelopment": "744120891.00",
            "effectOfAccountingCharges": null,
            "incomeBeforeTax": "902149990.00",
            "minorityInterest": null,
            "netIncome": "659828872.00",
            "sellingGeneralAdministrative": "1340337963.00",
            "sellingAndMarketingExpenses": "101775863.00",
            "grossProfit": "3110665484.00",
            "reconciledDepreciation": "236845077.69",
            "ebit": "902149991.00",
            "ebitda": "1138995068.00",
            "depreciationAndAmortization": "236845077.00",
            "nonOperatingIncomeNetOther": null,
            "operatingIncome": "900328143.00",
            "otherOperatingExpenses": "3370583868.00",
            "interestExpense": null,
            "taxProvision": null,
            "interestIncome": null,
            "netInterestIncome": null,
            "extraordinaryItems": null,
            "nonRecurring": null,
            "otherItems": null,
            "incomeTaxExpense": "236381680.00",
            "totalRevenue": "4270912012.00",
            "totalOperatingExpenses": "2210337340.00",
            "costOfRevenue": "1160246528.00",
            "totalOtherIncomeExpenseNet": "1821847.00",
            "discontinuedOperations": null,
            "netIncomeFromContinuingOps": null,
            "netIncomeApplicableToCommonShares": null,
            "preferredStockAndOtherAdjustments": null
        },
        "2002-06-30": {
            "date": "2002-06-30",
            "filing_date": "2002-06-30",
            "currency_symbol": null,
            "researchDevelopment": "723000000.00",
            "effectOfAccountingCharges": null,
            "incomeBeforeTax": "1063000000.00",
            "minorityInterest": null,
            "netIncome": "775000000.00",
            "sellingGeneralAdministrative": "1520000000.00",
            "sellingAndMarketingExpenses": null,
            "grossProfit": "3252000000.00",
            "reconciledDepreciation": "234264763.31",
            "ebit": "1061735237.00",
            "ebitda": "1296000000.00",
            "depreciationAndAmortization": "234264763.00",
            "nonOperatingIncomeNetOther": null,
            "operatingIncome": "1064000000.00",
            "otherOperatingExpenses": "3248000000.00",
            "interestExpense": null,
            "taxProvision": null,
            "interestIncome": null,
            "netInterestIncome": null,
            "extraordinaryItems": null,
            "nonRecurring": null,
            "otherItems": null,
            "incomeTaxExpense": "288000000.00",
            "totalRevenue": "4312000000.00",
            "totalOperatingExpenses": "2188000000.00",
            "costOfRevenue": "1060000000.00",
            "totalOtherIncomeExpenseNet": "-1000000.00",
            "discontinuedOperations": null,
            "netIncomeFromContinuingOps": null,
            "netIncomeApplicableToCommonShares": null,
            "preferredStockAndOtherAdjustments": null
        },
        "2002-03-31": {
            "date": "2002-03-31",
            "filing_date": "2002-03-31",
            "currency_symbol": null,
            "researchDevelopment": "698080324.00",
            "effectOfAccountingCharges": null,
            "incomeBeforeTax": "1320045353.00",
            "minorityInterest": null,
            "netIncome": "958000000.00",
            "sellingGeneralAdministrative": "1386145815.00",
            "sellingAndMarketingExpenses": null,
            "grossProfit": "3257042615.00",
            "reconciledDepreciation": "227351973.87",
            "ebit": "1296648027.00",
            "ebitda": "1524000000.00",
            "depreciationAndAmortization": "227351973.00",
            "nonOperatingIncomeNetOther": null,
            "operatingIncome": "1299013064.00",
            "otherOperatingExpenses": "3128842204.00",
            "interestExpense": null,
            "taxProvision": null,
            "interestIncome": null,
            "netInterestIncome": null,
            "extraordinaryItems": null,
            "nonRecurring": null,
            "otherItems": null,
            "incomeTaxExpense": "356552000.00",
            "totalRevenue": "4427855268.00",
            "totalOperatingExpenses": "1958029551.00",
            "costOfRevenue": "1170812653.00",
            "totalOtherIncomeExpenseNet": "21032289.00",
            "discontinuedOperations": null,
            "netIncomeFromContinuingOps": null,
            "netIncomeApplicableToCommonShares": null,
            "preferredStockAndOtherAdjustments": null
        },
        "2001-12-31": {
            "date": "2001-12-31",
            "filing_date": "2001-12-31",
            "currency_symbol": null,
            "researchDevelopment": "2006402577.00",
            "effectOfAccountingCharges": null,
            "incomeBeforeTax": "2774719480.00",
            "minorityInterest": null,
            "netIncome": "1971745798.00",
            "sellingGeneralAdministrative": null,
            "sellingAndMarketingExpenses": null,
            "grossProfit": "11505866913.00",
            "reconciledDepreciation": "531267610.34",
            "ebit": "2909526739.00",
            "ebitda": "3440794349.00",
            "depreciationAndAmortization": "531267610.00",
            "nonOperatingIncomeNetOther": null,
            "operatingIncome": "2709660451.00",
            "otherOperatingExpenses": "8458151335.00",
            "interestExpense": "134807259.00",
            "taxProvision": null,
            "interestIncome": null,
            "netInterestIncome": null,
            "extraordinaryItems": null,
            "nonRecurring": null,
            "otherItems": null,
            "incomeTaxExpense": "793396363.00",
            "totalRevenue": "11505866913.00",
            "totalOperatingExpenses": "11714808944.00",
            "costOfRevenue": null,
            "totalOtherIncomeExpenseNet": "65059029.00",
            "discontinuedOperations": null,
            "netIncomeFromContinuingOps": null,
            "netIncomeApplicableToCommonShares": null,
            "preferredStockAndOtherAdjustments": null
        },
        "2001-09-30": {
            "date": "2001-09-30",
            "filing_date": "2001-09-30",
            "currency_symbol": null,
            "researchDevelopment": "614000000.00",
            "effectOfAccountingCharges": null,
            "incomeBeforeTax": "991000000.00",
            "minorityInterest": null,
            "netIncome": "711000000.00",
            "sellingGeneralAdministrative": "1353000000.00",
            "sellingAndMarketingExpenses": null,
            "grossProfit": "2886000000.00",
            "reconciledDepreciation": "207163783.05",
            "ebit": "1016836217.00",
            "ebitda": "1224000000.00",
            "depreciationAndAmortization": "207163783.00",
            "nonOperatingIncomeNetOther": null,
            "operatingIncome": "1015000000.00",
            "otherOperatingExpenses": "2935000000.00",
            "interestExpense": null,
            "taxProvision": null,
            "interestIncome": null,
            "netInterestIncome": null,
            "extraordinaryItems": null,
            "nonRecurring": null,
            "otherItems": null,
            "incomeTaxExpense": "280000000.00",
            "totalRevenue": "3950000000.00",
            "totalOperatingExpenses": "1871000000.00",
            "costOfRevenue": "1064000000.00",
            "totalOtherIncomeExpenseNet": "-24000000.00",
            "discontinuedOperations": null,
            "netIncomeFromContinuingOps": null,
            "netIncomeApplicableToCommonShares": null,
            "preferredStockAndOtherAdjustments": null
        },
        "2001-06-30": {
            "date": "2001-06-30",
            "filing_date": "2001-06-30",
            "currency_symbol": null,
            "researchDevelopment": "669000000.00",
            "effectOfAccountingCharges": null,
            "incomeBeforeTax": "961000000.00",
            "minorityInterest": null,
            "netIncome": "686000000.00",
            "sellingGeneralAdministrative": "1369000000.00",
            "sellingAndMarketingExpenses": null,
            "grossProfit": "2987000000.00",
            "reconciledDepreciation": "215819901.74",
            "ebit": "936867091.00",
            "ebitda": "1152686992.00",
            "depreciationAndAmortization": "215819901.00",
            "nonOperatingIncomeNetOther": null,
            "operatingIncome": "940000000.00",
            "otherOperatingExpenses": "3159000000.00",
            "interestExpense": null,
            "taxProvision": null,
            "interestIncome": null,
            "netInterestIncome": null,
            "extraordinaryItems": null,
            "nonRecurring": null,
            "otherItems": null,
            "incomeTaxExpense": "275000000.00",
            "totalRevenue": "4099000000.00",
            "totalOperatingExpenses": "2047000000.00",
            "costOfRevenue": "1112000000.00",
            "totalOtherIncomeExpenseNet": "21000000.00",
            "discontinuedOperations": null,
            "netIncomeFromContinuingOps": null,
            "netIncomeApplicableToCommonShares": null,
            "preferredStockAndOtherAdjustments": null
        },
        "2001-03-31": {
            "date": "2001-03-31",
            "filing_date": "2001-03-31",
            "currency_symbol": null,
            "researchDevelopment": "669822381.00",
            "effectOfAccountingCharges": null,
            "incomeBeforeTax": "1091451287.00",
            "minorityInterest": null,
            "netIncome": "780462326.00",
            "sellingGeneralAdministrative": "1316719288.00",
            "sellingAndMarketingExpenses": null,
            "grossProfit": "2907547437.00",
            "reconciledDepreciation": "211313007.50",
            "ebit": "1091451287.00",
            "ebitda": "1302764294.00",
            "depreciationAndAmortization": "211313007.00",
            "nonOperatingIncomeNetOther": null,
            "operatingIncome": "1026661683.00",
            "otherOperatingExpenses": "2951405458.00",
            "interestExpense": null,
            "taxProvision": null,
            "interestIncome": null,
            "netInterestIncome": null,
            "extraordinaryItems": null,
            "nonRecurring": null,
            "otherItems": null,
            "incomeTaxExpense": "307998682.00",
            "totalRevenue": "3978067141.00",
            "totalOperatingExpenses": "1880885753.00",
            "costOfRevenue": "1070519704.00",
            "totalOtherIncomeExpenseNet": "64789604.00",
            "discontinuedOperations": null,
            "netIncomeFromContinuingOps": null,
            "netIncomeApplicableToCommonShares": null,
            "preferredStockAndOtherAdjustments": null
        },
        "2000-12-31": {
            "date": "2000-12-31",
            "filing_date": "2000-12-31",
            "currency_symbol": null,
            "researchDevelopment": "1055978700.00",
            "effectOfAccountingCharges": null,
            "incomeBeforeTax": "1001737602.00",
            "minorityInterest": null,
            "netIncome": "549273478.00",
            "sellingGeneralAdministrative": null,
            "sellingAndMarketingExpenses": null,
            "grossProfit": "6477281089.00",
            "reconciledDepreciation": "157437016.13",
            "ebit": "1133175050.00",
            "ebitda": "1290612066.00",
            "depreciationAndAmortization": "157437016.00",
            "nonOperatingIncomeNetOther": null,
            "operatingIncome": "879415119.00",
            "otherOperatingExpenses": "4789824388.00",
            "interestExpense": "131437447.00",
            "taxProvision": null,
            "interestIncome": null,
            "netInterestIncome": null,
            "extraordinaryItems": null,
            "nonRecurring": null,
            "otherItems": null,
            "incomeTaxExpense": "451990587.00",
            "totalRevenue": "6477281089.00",
            "totalOperatingExpenses": "7829257358.00",
            "costOfRevenue": null,
            "totalOtherIncomeExpenseNet": "122322483.00",
            "discontinuedOperations": null,
            "netIncomeFromContinuingOps": null,
            "netIncomeApplicableToCommonShares": null,
            "preferredStockAndOtherAdjustments": null
        },
        "2000-09-30": {
            "date": "2000-09-30",
            "filing_date": "2000-09-30",
            "currency_symbol": null,
            "researchDevelopment": "628475518.00",
            "effectOfAccountingCharges": null,
            "incomeBeforeTax": "928533270.00",
            "minorityInterest": null,
            "netIncome": "651178929.00",
            "sellingGeneralAdministrative": "1066194500.00",
            "sellingAndMarketingExpenses": "167692857.00",
            "grossProfit": "2819500517.00",
            "reconciledDepreciation": "258520262.99",
            "ebit": "928533271.00",
            "ebitda": "1187053533.00",
            "depreciationAndAmortization": "258520262.00",
            "nonOperatingIncomeNetOther": null,
            "operatingIncome": "918655315.00",
            "otherOperatingExpenses": "2856008041.00",
            "interestExpense": null,
            "taxProvision": null,
            "interestIncome": null,
            "netInterestIncome": null,
            "extraordinaryItems": null,
            "nonRecurring": null,
            "otherItems": null,
            "incomeTaxExpense": "272373276.00",
            "totalRevenue": "3774663356.00",
            "totalOperatingExpenses": "1900845201.00",
            "costOfRevenue": "955162839.00",
            "totalOtherIncomeExpenseNet": "9877955.00",
            "discontinuedOperations": null,
            "netIncomeFromContinuingOps": null,
            "netIncomeApplicableToCommonShares": null,
            "preferredStockAndOtherAdjustments": null
        },
        "2000-06-30": {
            "date": "2000-06-30",
            "filing_date": "2000-06-30",
            "currency_symbol": null,
            "researchDevelopment": "613926015.00",
            "effectOfAccountingCharges": null,
            "incomeBeforeTax": "987452487.00",
            "minorityInterest": null,
            "netIncome": "679026846.00",
            "sellingGeneralAdministrative": "1257889935.00",
            "sellingAndMarketingExpenses": null,
            "grossProfit": "2963382335.00",
            "reconciledDepreciation": "252402769.32",
            "ebit": "987452487.00",
            "ebitda": "1239855256.00",
            "depreciationAndAmortization": "252402769.00",
            "nonOperatingIncomeNetOther": null,
            "operatingIncome": "975392797.00",
            "otherOperatingExpenses": "3001640818.00",
            "interestExpense": null,
            "taxProvision": null,
            "interestIncome": null,
            "netInterestIncome": null,
            "extraordinaryItems": null,
            "nonRecurring": null,
            "otherItems": null,
            "incomeTaxExpense": "305422407.00",
            "totalRevenue": "3977033616.00",
            "totalOperatingExpenses": "1987989537.00",
            "costOfRevenue": "1013651281.00",
            "totalOtherIncomeExpenseNet": "12059690.00",
            "discontinuedOperations": null,
            "netIncomeFromContinuingOps": null,
            "netIncomeApplicableToCommonShares": null,
            "preferredStockAndOtherAdjustments": null
        },
        "2000-03-31": {
            "date": "2000-03-31",
            "filing_date": "2000-03-31",
            "currency_symbol": null,
            "researchDevelopment": "596230829.00",
            "effectOfAccountingCharges": null,
            "incomeBeforeTax": "932796415.00",
            "minorityInterest": null,
            "netIncome": "661146865.00",
            "sellingGeneralAdministrative": "1216430749.00",
            "sellingAndMarketingExpenses": null,
            "grossProfit": "2816366765.00",
            "reconciledDepreciation": "260663729.79",
            "ebit": "932796415.00",
            "ebitda": "1193460144.00",
            "depreciationAndAmortization": "260663729.00",
            "nonOperatingIncomeNetOther": null,
            "operatingIncome": "891849231.00",
            "otherOperatingExpenses": "2995136381.00",
            "interestExpense": null,
            "taxProvision": null,
            "interestIncome": null,
            "netInterestIncome": null,
            "extraordinaryItems": null,
            "nonRecurring": null,
            "otherItems": null,
            "incomeTaxExpense": "269652130.00",
            "totalRevenue": "3886985613.00",
            "totalOperatingExpenses": "1924517533.00",
            "costOfRevenue": "1070618848.00",
            "totalOtherIncomeExpenseNet": "40947184.00",
            "discontinuedOperations": null,
            "netIncomeFromContinuingOps": null,
            "netIncomeApplicableToCommonShares": null,
            "preferredStockAndOtherAdjustments": null
        },
        "1999-12-31": {
            "date": "1999-12-31",
            "filing_date": "1999-12-31",
            "currency_symbol": null,
            "researchDevelopment": "945562378.00",
            "effectOfAccountingCharges": null,
            "incomeBeforeTax": "-1070963245.76",
            "minorityInterest": null,
            "netIncome": "-173562766.92",
            "sellingGeneralAdministrative": null,
            "sellingAndMarketingExpenses": null,
            "grossProfit": "5113929209.00",
            "reconciledDepreciation": "216510353.31",
            "ebit": "-801043677.41",
            "ebitda": "-584534942.41",
            "depreciationAndAmortization": "216508735.00",
            "nonOperatingIncomeNetOther": null,
            "operatingIncome": "-252315193.48",
            "otherOperatingExpenses": "3226829041.00",
            "interestExpense": null,
            "taxProvision": null,
            "interestIncome": null,
            "netInterestIncome": null,
            "extraordinaryItems": null,
            "nonRecurring": null,
            "otherItems": null,
            "incomeTaxExpense": "-91400220.01",
            "totalRevenue": "5113929209.00",
            "totalOperatingExpenses": "6894829041.00",
            "costOfRevenue": null,
            "totalOtherIncomeExpenseNet": "-818648052.28",
            "discontinuedOperations": null,
            "netIncomeFromContinuingOps": null,
            "netIncomeApplicableToCommonShares": null,
            "preferredStockAndOtherAdjustments": null
        },
        "1999-09-30": {
            "date": "1999-09-30",
            "filing_date": "1999-09-30",
            "currency_symbol": null,
            "researchDevelopment": "664000000.00",
            "effectOfAccountingCharges": null,
            "incomeBeforeTax": "939000000.00",
            "minorityInterest": null,
            "netIncome": "484000000.00",
            "sellingGeneralAdministrative": "1193000000.00",
            "sellingAndMarketingExpenses": null,
            "grossProfit": "3026000000.00",
            "reconciledDepreciation": "261000000.00",
            "ebit": "908000000.00",
            "ebitda": "1169000000.00",
            "depreciationAndAmortization": "261000000.00",
            "nonOperatingIncomeNetOther": null,
            "operatingIncome": "908000000.00",
            "otherOperatingExpenses": "3371000000.00",
            "interestExpense": null,
            "taxProvision": null,
            "interestIncome": null,
            "netInterestIncome": null,
            "extraordinaryItems": null,
            "nonRecurring": null,
            "otherItems": null,
            "incomeTaxExpense": "282000000.00",
            "totalRevenue": "4279000000.00",
            "totalOperatingExpenses": "2118000000.00",
            "costOfRevenue": "1253000000.00",
            "totalOtherIncomeExpenseNet": "31000000.00",
            "discontinuedOperations": null,
            "netIncomeFromContinuingOps": null,
            "netIncomeApplicableToCommonShares": null,
            "preferredStockAndOtherAdjustments": null
        },
        "1999-06-30": {
            "date": "1999-06-30",
            "filing_date": "1999-06-30",
            "currency_symbol": null,
            "researchDevelopment": "656000000.00",
            "effectOfAccountingCharges": null,
            "incomeBeforeTax": "1045000000.00",
            "minorityInterest": null,
            "netIncome": "416000000.00",
            "sellingGeneralAdministrative": "1389000000.00",
            "sellingAndMarketingExpenses": null,
            "grossProfit": "3314000000.00",
            "reconciledDepreciation": "260000000.00",
            "ebit": "1009000000.00",
            "ebitda": "1269000000.00",
            "depreciationAndAmortization": "260000000.00",
            "nonOperatingIncomeNetOther": null,
            "operatingIncome": "1009000000.00",
            "otherOperatingExpenses": "3512500000.00",
            "interestExpense": null,
            "taxProvision": null,
            "interestIncome": null,
            "netInterestIncome": null,
            "extraordinaryItems": null,
            "nonRecurring": null,
            "otherItems": null,
            "incomeTaxExpense": "312000000.00",
            "totalRevenue": "4521500000.00",
            "totalOperatingExpenses": "2305000000.00",
            "costOfRevenue": "1207500000.00",
            "totalOtherIncomeExpenseNet": "36000000.00",
            "discontinuedOperations": null,
            "netIncomeFromContinuingOps": null,
            "netIncomeApplicableToCommonShares": null,
            "preferredStockAndOtherAdjustments": null
        },
        "1999-03-31": {
            "date": "1999-03-31",
            "filing_date": "1999-03-31",
            "currency_symbol": null,
            "researchDevelopment": null,
            "effectOfAccountingCharges": null,
            "incomeBeforeTax": null,
            "minorityInterest": null,
            "netIncome": "416000000.00",
            "sellingGeneralAdministrative": null,
            "sellingAndMarketingExpenses": null,
            "grossProfit": "4521500000.00",
            "reconciledDepreciation": null,
            "ebit": null,
            "ebitda": "4521500000.00",
            "depreciationAndAmortization": null,
            "nonOperatingIncomeNetOther": null,
            "operatingIncome": "4521500000.00",
            "otherOperatingExpenses": null,
            "interestExpense": null,
            "taxProvision": null,
            "interestIncome": null,
            "netInterestIncome": null,
            "extraordinaryItems": null,
            "nonRecurring": null,
            "otherItems": null,
            "incomeTaxExpense": "-416000000.00",
            "totalRevenue": "4521500000.00",
            "totalOperatingExpenses": null,
            "costOfRevenue": null,
            "totalOtherIncomeExpenseNet": "-4521500000.00",
            "discontinuedOperations": null,
            "netIncomeFromContinuingOps": null,
            "netIncomeApplicableToCommonShares": null,
            "preferredStockAndOtherAdjustments": null
        },
        "1998-12-31": {
            "date": "1998-12-31",
            "filing_date": "1998-12-31",
            "currency_symbol": null,
            "researchDevelopment": null,
            "effectOfAccountingCharges": null,
            "incomeBeforeTax": null,
            "minorityInterest": null,
            "netIncome": "204960594.00",
            "sellingGeneralAdministrative": null,
            "sellingAndMarketingExpenses": null,
            "grossProfit": "1887387218.00",
            "reconciledDepreciation": null,
            "ebit": "-5286652120.51",
            "ebitda": "-5417783334.72",
            "depreciationAndAmortization": "-131131214.21",
            "nonOperatingIncomeNetOther": null,
            "operatingIncome": "-5286652120.51",
            "otherOperatingExpenses": "7174039339.36",
            "interestExpense": null,
            "taxProvision": null,
            "interestIncome": null,
            "netInterestIncome": null,
            "extraordinaryItems": null,
            "nonRecurring": null,
            "otherItems": null,
            "incomeTaxExpense": "-5491612714.75",
            "totalRevenue": "1887387218.00",
            "totalOperatingExpenses": "-7174039339.36",
            "costOfRevenue": null,
            "totalOtherIncomeExpenseNet": "5286652120.00",
            "discontinuedOperations": null,
            "netIncomeFromContinuingOps": null,
            "netIncomeApplicableToCommonShares": null,
            "preferredStockAndOtherAdjustments": null
        },
        "1998-09-30": {
            "date": "1998-09-30",
            "filing_date": "1998-09-30",
            "currency_symbol": null,
            "researchDevelopment": null,
            "effectOfAccountingCharges": null,
            "incomeBeforeTax": null,
            "minorityInterest": null,
            "netIncome": "233400000.00",
            "sellingGeneralAdministrative": null,
            "sellingAndMarketingExpenses": null,
            "grossProfit": "2330200000.00",
            "reconciledDepreciation": null,
            "ebit": null,
            "ebitda": "2330200000.00",
            "depreciationAndAmortization": null,
            "nonOperatingIncomeNetOther": null,
            "operatingIncome": "2330200000.00",
            "otherOperatingExpenses": null,
            "interestExpense": null,
            "taxProvision": null,
            "interestIncome": null,
            "netInterestIncome": null,
            "extraordinaryItems": null,
            "nonRecurring": null,
            "otherItems": null,
            "incomeTaxExpense": "-233400000.00",
            "totalRevenue": "2330200000.00",
            "totalOperatingExpenses": null,
            "costOfRevenue": null,
            "totalOtherIncomeExpenseNet": "-2330200000.00",
            "discontinuedOperations": null,
            "netIncomeFromContinuingOps": null,
            "netIncomeApplicableToCommonShares": null,
            "preferredStockAndOtherAdjustments": null
        },
        "1998-06-30": {
            "date": "1998-06-30",
            "filing_date": "1998-06-30",
            "currency_symbol": null,
            "researchDevelopment": "282500000.00",
            "effectOfAccountingCharges": null,
            "incomeBeforeTax": "548000000.00",
            "minorityInterest": null,
            "netIncome": "366000000.00",
            "sellingGeneralAdministrative": "665500000.00",
            "sellingAndMarketingExpenses": null,
            "grossProfit": "1546500000.00",
            "reconciledDepreciation": "97500000.00",
            "ebit": "771500000.00",
            "ebitda": "869000000.00",
            "depreciationAndAmortization": "97500000.00",
            "nonOperatingIncomeNetOther": null,
            "operatingIncome": "501000000.00",
            "otherOperatingExpenses": "1916500000.00",
            "interestExpense": null,
            "taxProvision": null,
            "interestIncome": null,
            "netInterestIncome": null,
            "extraordinaryItems": null,
            "nonRecurring": null,
            "otherItems": null,
            "incomeTaxExpense": "167000000.00",
            "totalRevenue": "2417500000.00",
            "totalOperatingExpenses": "1045500000.00",
            "costOfRevenue": "871000000.00",
            "totalOtherIncomeExpenseNet": "47000000.00",
            "discontinuedOperations": null,
            "netIncomeFromContinuingOps": null,
            "netIncomeApplicableToCommonShares": null,
            "preferredStockAndOtherAdjustments": null
        },
        "1998-03-31": {
            "date": "1998-03-31",
            "filing_date": "1998-03-31",
            "currency_symbol": null,
            "researchDevelopment": null,
            "effectOfAccountingCharges": null,
            "incomeBeforeTax": null,
            "minorityInterest": null,
            "netIncome": "366000000.00",
            "sellingGeneralAdministrative": null,
            "sellingAndMarketingExpenses": null,
            "grossProfit": "2417500000.00",
            "reconciledDepreciation": null,
            "ebit": null,
            "ebitda": "2417500000.00",
            "depreciationAndAmortization": null,
            "nonOperatingIncomeNetOther": null,
            "operatingIncome": "2417500000.00",
            "otherOperatingExpenses": null,
            "interestExpense": null,
            "taxProvision": null,
            "interestIncome": null,
            "netInterestIncome": null,
            "extraordinaryItems": null,
            "nonRecurring": null,
            "otherItems": null,
            "incomeTaxExpense": "-366000000.00",
            "totalRevenue": "2417500000.00",
            "totalOperatingExpenses": null,
            "costOfRevenue": null,
            "totalOtherIncomeExpenseNet": "-2417500000.00",
            "discontinuedOperations": null,
            "netIncomeFromContinuingOps": null,
            "netIncomeApplicableToCommonShares": null,
            "preferredStockAndOtherAdjustments": null
        },
        "1997-12-31": {
            "date": "1997-12-31",
            "filing_date": "1997-12-31",
            "currency_symbol": null,
            "researchDevelopment": null,
            "effectOfAccountingCharges": null,
            "incomeBeforeTax": null,
            "minorityInterest": null,
            "netIncome": "321571143.00",
            "sellingGeneralAdministrative": null,
            "sellingAndMarketingExpenses": null,
            "grossProfit": "2288059340.00",
            "reconciledDepreciation": null,
            "ebit": "-4486390173.77",
            "ebitda": "-4410347060.77",
            "depreciationAndAmortization": "76043113.00",
            "nonOperatingIncomeNetOther": null,
            "operatingIncome": "-4486390173.91",
            "otherOperatingExpenses": "6774449513.99",
            "interestExpense": null,
            "taxProvision": null,
            "interestIncome": null,
            "netInterestIncome": null,
            "extraordinaryItems": null,
            "nonRecurring": null,
            "otherItems": null,
            "incomeTaxExpense": "-4807961317.20",
            "totalRevenue": "2288059340.00",
            "totalOperatingExpenses": "-6774449513.99",
            "costOfRevenue": null,
            "totalOtherIncomeExpenseNet": "4486390173.00",
            "discontinuedOperations": null,
            "netIncomeFromContinuingOps": null,
            "netIncomeApplicableToCommonShares": null,
            "preferredStockAndOtherAdjustments": null
        },
        "1997-09-30": {
            "date": "1997-09-30",
            "filing_date": "1997-09-30",
            "currency_symbol": null,
            "researchDevelopment": null,
            "effectOfAccountingCharges": null,
            "incomeBeforeTax": null,
            "minorityInterest": null,
            "netIncome": "295100000.00",
            "sellingGeneralAdministrative": null,
            "sellingAndMarketingExpenses": null,
            "grossProfit": "2099400000.00",
            "reconciledDepreciation": null,
            "ebit": null,
            "ebitda": "2099400000.00",
            "depreciationAndAmortization": null,
            "nonOperatingIncomeNetOther": null,
            "operatingIncome": "2099400000.00",
            "otherOperatingExpenses": null,
            "interestExpense": null,
            "taxProvision": null,
            "interestIncome": null,
            "netInterestIncome": null,
            "extraordinaryItems": null,
            "nonRecurring": null,
            "otherItems": null,
            "incomeTaxExpense": "-295100000.00",
            "totalRevenue": "2099400000.00",
            "totalOperatingExpenses": null,
            "costOfRevenue": null,
            "totalOtherIncomeExpenseNet": "-2099400000.00",
            "discontinuedOperations": null,
            "netIncomeFromContinuingOps": null,
            "netIncomeApplicableToCommonShares": null,
            "preferredStockAndOtherAdjustments": null
        },
        "1997-06-30": {
            "date": "1997-06-30",
            "filing_date": "1997-06-30",
            "currency_symbol": null,
            "researchDevelopment": null,
            "effectOfAccountingCharges": null,
            "incomeBeforeTax": null,
            "minorityInterest": null,
            "netIncome": "372500000.00",
            "sellingGeneralAdministrative": null,
            "sellingAndMarketingExpenses": null,
            "grossProfit": "2284000000.00",
            "reconciledDepreciation": null,
            "ebit": null,
            "ebitda": "2284000000.00",
            "depreciationAndAmortization": null,
            "nonOperatingIncomeNetOther": null,
            "operatingIncome": "2284000000.00",
            "otherOperatingExpenses": null,
            "interestExpense": null,
            "taxProvision": null,
            "interestIncome": null,
            "netInterestIncome": null,
            "extraordinaryItems": null,
            "nonRecurring": null,
            "otherItems": null,
            "incomeTaxExpense": "-372500000.00",
            "totalRevenue": "2284000000.00",
            "totalOperatingExpenses": null,
            "costOfRevenue": null,
            "totalOtherIncomeExpenseNet": "-2284000000.00",
            "discontinuedOperations": null,
            "netIncomeFromContinuingOps": null,
            "netIncomeApplicableToCommonShares": null,
            "preferredStockAndOtherAdjustments": null
        },
        "1997-03-31": {
            "date": "1997-03-31",
            "filing_date": "1997-03-31",
            "currency_symbol": null,
            "researchDevelopment": null,
            "effectOfAccountingCharges": null,
            "incomeBeforeTax": null,
            "minorityInterest": null,
            "netIncome": "372500000.00",
            "sellingGeneralAdministrative": null,
            "sellingAndMarketingExpenses": null,
            "grossProfit": "2284000000.00",
            "reconciledDepreciation": null,
            "ebit": null,
            "ebitda": "2284000000.00",
            "depreciationAndAmortization": null,
            "nonOperatingIncomeNetOther": null,
            "operatingIncome": "2284000000.00",
            "otherOperatingExpenses": null,
            "interestExpense": null,
            "taxProvision": null,
            "interestIncome": null,
            "netInterestIncome": null,
            "extraordinaryItems": null,
            "nonRecurring": null,
            "otherItems": null,
            "incomeTaxExpense": "-372500000.00",
            "totalRevenue": "2284000000.00",
            "totalOperatingExpenses": null,
            "costOfRevenue": null,
            "totalOtherIncomeExpenseNet": "-2284000000.00",
            "discontinuedOperations": null,
            "netIncomeFromContinuingOps": null,
            "netIncomeApplicableToCommonShares": null,
            "preferredStockAndOtherAdjustments": null
        },
        "1996-12-31": {
            "date": "1996-12-31",
            "filing_date": "1996-12-31",
            "currency_symbol": null,
            "researchDevelopment": null,
            "effectOfAccountingCharges": null,
            "incomeBeforeTax": null,
            "minorityInterest": null,
            "netIncome": "630040528.00",
            "sellingGeneralAdministrative": null,
            "sellingAndMarketingExpenses": null,
            "grossProfit": "4557062756.00",
            "reconciledDepreciation": null,
            "ebit": "-2758757362.06",
            "ebitda": "-2847807606.95",
            "depreciationAndAmortization": "-89050244.89",
            "nonOperatingIncomeNetOther": null,
            "operatingIncome": "-2758757362.06",
            "otherOperatingExpenses": "7315820118.51",
            "interestExpense": null,
            "taxProvision": null,
            "interestIncome": null,
            "netInterestIncome": null,
            "extraordinaryItems": null,
            "nonRecurring": null,
            "otherItems": null,
            "incomeTaxExpense": "-3388797890.19",
            "totalRevenue": "4557062756.00",
            "totalOperatingExpenses": "-7315820118.51",
            "costOfRevenue": null,
            "totalOtherIncomeExpenseNet": "2758757362.00",
            "discontinuedOperations": null,
            "netIncomeFromContinuingOps": null,
            "netIncomeApplicableToCommonShares": null,
            "preferredStockAndOtherAdjustments": null
        },
        "1996-09-30": {
            "date": "1996-09-30",
            "filing_date": "1996-09-30",
            "currency_symbol": null,
            "researchDevelopment": null,
            "effectOfAccountingCharges": null,
            "incomeBeforeTax": null,
            "minorityInterest": null,
            "netIncome": "235600000.00",
            "sellingGeneralAdministrative": null,
            "sellingAndMarketingExpenses": null,
            "grossProfit": "2313600000.00",
            "reconciledDepreciation": null,
            "ebit": null,
            "ebitda": "2313600000.00",
            "depreciationAndAmortization": null,
            "nonOperatingIncomeNetOther": null,
            "operatingIncome": "2313600000.00",
            "otherOperatingExpenses": null,
            "interestExpense": null,
            "taxProvision": null,
            "interestIncome": null,
            "netInterestIncome": null,
            "extraordinaryItems": null,
            "nonRecurring": null,
            "otherItems": null,
            "incomeTaxExpense": "-235600000.00",
            "totalRevenue": "2313600000.00",
            "totalOperatingExpenses": null,
            "costOfRevenue": null,
            "totalOtherIncomeExpenseNet": "-2313600000.00",
            "discontinuedOperations": null,
            "netIncomeFromContinuingOps": null,
            "netIncomeApplicableToCommonShares": null,
            "preferredStockAndOtherAdjustments": null
        },
        "1996-06-30": {
            "date": "1996-06-30",
            "filing_date": "1996-06-30",
            "currency_symbol": null,
            "researchDevelopment": null,
            "effectOfAccountingCharges": null,
            "incomeBeforeTax": null,
            "minorityInterest": null,
            "netIncome": "315000000.00",
            "sellingGeneralAdministrative": null,
            "sellingAndMarketingExpenses": null,
            "grossProfit": "2278500000.00",
            "reconciledDepreciation": null,
            "ebit": null,
            "ebitda": "2278500000.00",
            "depreciationAndAmortization": null,
            "nonOperatingIncomeNetOther": null,
            "operatingIncome": "2278500000.00",
            "otherOperatingExpenses": null,
            "interestExpense": null,
            "taxProvision": null,
            "interestIncome": null,
            "netInterestIncome": null,
            "extraordinaryItems": null,
            "nonRecurring": null,
            "otherItems": null,
            "incomeTaxExpense": "-315000000.00",
            "totalRevenue": "2278500000.00",
            "totalOperatingExpenses": null,
            "costOfRevenue": null,
            "totalOtherIncomeExpenseNet": "-2278500000.00",
            "discontinuedOperations": null,
            "netIncomeFromContinuingOps": null,
            "netIncomeApplicableToCommonShares": null,
            "preferredStockAndOtherAdjustments": null
        },
        "1996-03-31": {
            "date": "1996-03-31",
            "filing_date": "1996-03-31",
            "currency_symbol": null,
            "researchDevelopment": null,
            "effectOfAccountingCharges": null,
            "incomeBeforeTax": null,
            "minorityInterest": null,
            "netIncome": "315000000.00",
            "sellingGeneralAdministrative": null,
            "sellingAndMarketingExpenses": null,
            "grossProfit": "2278500000.00",
            "reconciledDepreciation": null,
            "ebit": null,
            "ebitda": "2278500000.00",
            "depreciationAndAmortization": null,
            "nonOperatingIncomeNetOther": null,
            "operatingIncome": "2278500000.00",
            "otherOperatingExpenses": null,
            "interestExpense": null,
            "taxProvision": null,
            "interestIncome": null,
            "netInterestIncome": null,
            "extraordinaryItems": null,
            "nonRecurring": null,
            "otherItems": null,
            "incomeTaxExpense": "-315000000.00",
            "totalRevenue": "2278500000.00",
            "totalOperatingExpenses": null,
            "costOfRevenue": null,
            "totalOtherIncomeExpenseNet": "-2278500000.00",
            "discontinuedOperations": null,
            "netIncomeFromContinuingOps": null,
            "netIncomeApplicableToCommonShares": null,
            "preferredStockAndOtherAdjustments": null
        },
        "1995-12-31": {
            "date": "1995-12-31",
            "filing_date": "1995-12-31",
            "currency_symbol": null,
            "researchDevelopment": null,
            "effectOfAccountingCharges": null,
            "incomeBeforeTax": null,
            "minorityInterest": null,
            "netIncome": "120991544.00",
            "sellingGeneralAdministrative": null,
            "sellingAndMarketingExpenses": null,
            "grossProfit": "1763552932.00",
            "reconciledDepreciation": null,
            "ebit": "-4123708331.79",
            "ebitda": "-4752609994.44",
            "depreciationAndAmortization": "-628901662.65",
            "nonOperatingIncomeNetOther": null,
            "operatingIncome": "-4123708331.79",
            "otherOperatingExpenses": "5887261264.60",
            "interestExpense": null,
            "taxProvision": null,
            "interestIncome": null,
            "netInterestIncome": null,
            "extraordinaryItems": null,
            "nonRecurring": null,
            "otherItems": null,
            "incomeTaxExpense": "-4244699876.38",
            "totalRevenue": "1763552932.00",
            "totalOperatingExpenses": "-5887261264.60",
            "costOfRevenue": null,
            "totalOtherIncomeExpenseNet": "4123708331.00",
            "discontinuedOperations": null,
            "netIncomeFromContinuingOps": null,
            "netIncomeApplicableToCommonShares": null,
            "preferredStockAndOtherAdjustments": null
        },
        "1995-09-30": {
            "date": "1995-09-30",
            "filing_date": "1995-09-30",
            "currency_symbol": null,
            "researchDevelopment": null,
            "effectOfAccountingCharges": null,
            "incomeBeforeTax": null,
            "minorityInterest": null,
            "netIncome": "132700000.00",
            "sellingGeneralAdministrative": null,
            "sellingAndMarketingExpenses": null,
            "grossProfit": "1935000000.00",
            "reconciledDepreciation": null,
            "ebit": null,
            "ebitda": "1935000000.00",
            "depreciationAndAmortization": null,
            "nonOperatingIncomeNetOther": null,
            "operatingIncome": "1935000000.00",
            "otherOperatingExpenses": null,
            "interestExpense": null,
            "taxProvision": null,
            "interestIncome": null,
            "netInterestIncome": null,
            "extraordinaryItems": null,
            "nonRecurring": null,
            "otherItems": null,
            "incomeTaxExpense": "-132700000.00",
            "totalRevenue": "1935000000.00",
            "totalOperatingExpenses": null,
            "costOfRevenue": null,
            "totalOtherIncomeExpenseNet": "-1935000000.00",
            "discontinuedOperations": null,
            "netIncomeFromContinuingOps": null,
            "netIncomeApplicableToCommonShares": null,
            "preferredStockAndOtherAdjustments": null
        },
        "1995-06-30": {
            "date": "1995-06-30",
            "filing_date": "1995-06-30",
            "currency_symbol": null,
            "researchDevelopment": null,
            "effectOfAccountingCharges": null,
            "incomeBeforeTax": "397900000.00",
            "minorityInterest": null,
            "netIncome": "269500000.00",
            "sellingGeneralAdministrative": "690400000.00",
            "sellingAndMarketingExpenses": null,
            "grossProfit": "1069100000.00",
            "reconciledDepreciation": null,
            "ebit": "378700000.00",
            "ebitda": "346000000.00",
            "depreciationAndAmortization": "-32700000.00",
            "nonOperatingIncomeNetOther": null,
            "operatingIncome": "378700000.00",
            "otherOperatingExpenses": "1638300000.00",
            "interestExpense": null,
            "taxProvision": null,
            "interestIncome": null,
            "netInterestIncome": null,
            "extraordinaryItems": null,
            "nonRecurring": null,
            "otherItems": null,
            "incomeTaxExpense": "128400000.00",
            "totalRevenue": "2017000000.00",
            "totalOperatingExpenses": "690400000.00",
            "costOfRevenue": "947900000.00",
            "totalOtherIncomeExpenseNet": "19200000.00",
            "discontinuedOperations": null,
            "netIncomeFromContinuingOps": null,
            "netIncomeApplicableToCommonShares": null,
            "preferredStockAndOtherAdjustments": null
        },
        "1995-03-31": {
            "date": "1995-03-31",
            "filing_date": "1995-03-31",
            "currency_symbol": null,
            "researchDevelopment": null,
            "effectOfAccountingCharges": null,
            "incomeBeforeTax": null,
            "minorityInterest": null,
            "netIncome": "269400000.00",
            "sellingGeneralAdministrative": null,
            "sellingAndMarketingExpenses": null,
            "grossProfit": "2017100000.00",
            "reconciledDepreciation": null,
            "ebit": null,
            "ebitda": "2017100000.00",
            "depreciationAndAmortization": null,
            "nonOperatingIncomeNetOther": null,
            "operatingIncome": "2017100000.00",
            "otherOperatingExpenses": null,
            "interestExpense": null,
            "taxProvision": null,
            "interestIncome": null,
            "netInterestIncome": null,
            "extraordinaryItems": null,
            "nonRecurring": null,
            "otherItems": null,
            "incomeTaxExpense": "-269400000.00",
            "totalRevenue": "2017100000.00",
            "totalOperatingExpenses": null,
            "costOfRevenue": null,
            "totalOtherIncomeExpenseNet": "-2017100000.00",
            "discontinuedOperations": null,
            "netIncomeFromContinuingOps": null,
            "netIncomeApplicableToCommonShares": null,
            "preferredStockAndOtherAdjustments": null
        },
        "1994-12-31": {
            "date": "1994-12-31",
            "filing_date": "1994-12-31",
            "currency_symbol": null,
            "researchDevelopment": null,
            "effectOfAccountingCharges": null,
            "incomeBeforeTax": null,
            "minorityInterest": null,
            "netIncome": "327087902.00",
            "sellingGeneralAdministrative": null,
            "sellingAndMarketingExpenses": null,
            "grossProfit": "1826649215.00",
            "reconciledDepreciation": null,
            "ebit": "-3984522867.91",
            "ebitda": "-4029861579.35",
            "depreciationAndAmortization": "-45338711.44",
            "nonOperatingIncomeNetOther": null,
            "operatingIncome": "-3984522867.91",
            "otherOperatingExpenses": "5811172083.86",
            "interestExpense": null,
            "taxProvision": null,
            "interestIncome": null,
            "netInterestIncome": null,
            "extraordinaryItems": null,
            "nonRecurring": null,
            "otherItems": null,
            "incomeTaxExpense": "-4311610770.29",
            "totalRevenue": "1826649215.00",
            "totalOperatingExpenses": "-5811172083.86",
            "costOfRevenue": null,
            "totalOtherIncomeExpenseNet": "3984522867.00",
            "discontinuedOperations": null,
            "netIncomeFromContinuingOps": null,
            "netIncomeApplicableToCommonShares": null,
            "preferredStockAndOtherAdjustments": null
        },
        "1994-09-30": {
            "date": "1994-09-30",
            "filing_date": "1994-09-30",
            "currency_symbol": null,
            "researchDevelopment": null,
            "effectOfAccountingCharges": null,
            "incomeBeforeTax": null,
            "minorityInterest": null,
            "netIncome": "173300000.00",
            "sellingGeneralAdministrative": null,
            "sellingAndMarketingExpenses": null,
            "grossProfit": "1752800000.00",
            "reconciledDepreciation": null,
            "ebit": null,
            "ebitda": "1752800000.00",
            "depreciationAndAmortization": null,
            "nonOperatingIncomeNetOther": null,
            "operatingIncome": "1752800000.00",
            "otherOperatingExpenses": null,
            "interestExpense": null,
            "taxProvision": null,
            "interestIncome": null,
            "netInterestIncome": null,
            "extraordinaryItems": null,
            "nonRecurring": null,
            "otherItems": null,
            "incomeTaxExpense": "-173300000.00",
            "totalRevenue": "1752800000.00",
            "totalOperatingExpenses": null,
            "costOfRevenue": null,
            "totalOtherIncomeExpenseNet": "-1752800000.00",
            "discontinuedOperations": null,
            "netIncomeFromContinuingOps": null,
            "netIncomeApplicableToCommonShares": null,
            "preferredStockAndOtherAdjustments": null
        },
        "1994-06-30": {
            "date": "1994-06-30",
            "filing_date": "1994-06-30",
            "currency_symbol": null,
            "researchDevelopment": null,
            "effectOfAccountingCharges": null,
            "incomeBeforeTax": null,
            "minorityInterest": null,
            "netIncome": "348100000.00",
            "sellingGeneralAdministrative": null,
            "sellingAndMarketingExpenses": null,
            "grossProfit": "1836800000.00",
            "reconciledDepreciation": null,
            "ebit": null,
            "ebitda": "1836800000.00",
            "depreciationAndAmortization": null,
            "nonOperatingIncomeNetOther": null,
            "operatingIncome": "1836800000.00",
            "otherOperatingExpenses": null,
            "interestExpense": null,
            "taxProvision": null,
            "interestIncome": null,
            "netInterestIncome": null,
            "extraordinaryItems": null,
            "nonRecurring": null,
            "otherItems": null,
            "incomeTaxExpense": "-348100000.00",
            "totalRevenue": "1836800000.00",
            "totalOperatingExpenses": null,
            "costOfRevenue": null,
            "totalOtherIncomeExpenseNet": "-1836800000.00",
            "discontinuedOperations": null,
            "netIncomeFromContinuingOps": null,
            "netIncomeApplicableToCommonShares": null,
            "preferredStockAndOtherAdjustments": null
        },
        "1994-03-31": {
            "date": "1994-03-31",
            "filing_date": "1994-03-31",
            "currency_symbol": null,
            "researchDevelopment": null,
            "effectOfAccountingCharges": null,
            "incomeBeforeTax": null,
            "minorityInterest": null,
            "netIncome": "193700000.00",
            "sellingGeneralAdministrative": null,
            "sellingAndMarketingExpenses": null,
            "grossProfit": "1836800000.00",
            "reconciledDepreciation": null,
            "ebit": null,
            "ebitda": "1836800000.00",
            "depreciationAndAmortization": null,
            "nonOperatingIncomeNetOther": null,
            "operatingIncome": "1836800000.00",
            "otherOperatingExpenses": null,
            "interestExpense": null,
            "taxProvision": null,
            "interestIncome": null,
            "netInterestIncome": null,
            "extraordinaryItems": null,
            "nonRecurring": null,
            "otherItems": null,
            "incomeTaxExpense": "-193700000.00",
            "totalRevenue": "1836800000.00",
            "totalOperatingExpenses": null,
            "costOfRevenue": null,
            "totalOtherIncomeExpenseNet": "-1836800000.00",
            "discontinuedOperations": null,
            "netIncomeFromContinuingOps": null,
            "netIncomeApplicableToCommonShares": null,
            "preferredStockAndOtherAdjustments": null
        },
        "1993-12-31": {
            "date": "1993-12-31",
            "filing_date": "1993-12-31",
            "currency_symbol": null,
            "researchDevelopment": null,
            "effectOfAccountingCharges": null,
            "incomeBeforeTax": null,
            "minorityInterest": null,
            "netIncome": "122536240.00",
            "sellingGeneralAdministrative": null,
            "sellingAndMarketingExpenses": null,
            "grossProfit": "1533658718.00",
            "reconciledDepreciation": null,
            "ebit": "-4014829536.18",
            "ebitda": "-3895014141.18",
            "depreciationAndAmortization": "119815395.00",
            "nonOperatingIncomeNetOther": null,
            "operatingIncome": "-4014829536.71",
            "otherOperatingExpenses": "5548488255.13",
            "interestExpense": null,
            "taxProvision": null,
            "interestIncome": null,
            "netInterestIncome": null,
            "extraordinaryItems": null,
            "nonRecurring": null,
            "otherItems": null,
            "incomeTaxExpense": "-4137365777.17",
            "totalRevenue": "1533658718.00",
            "totalOperatingExpenses": "-5548488255.13",
            "costOfRevenue": null,
            "totalOtherIncomeExpenseNet": "4014829536.00",
            "discontinuedOperations": null,
            "netIncomeFromContinuingOps": null,
            "netIncomeApplicableToCommonShares": null,
            "preferredStockAndOtherAdjustments": null
        },
        "1993-09-30": {
            "date": "1993-09-30",
            "filing_date": "1993-09-30",
            "currency_symbol": null,
            "researchDevelopment": null,
            "effectOfAccountingCharges": null,
            "incomeBeforeTax": null,
            "minorityInterest": null,
            "netIncome": "136000000.00",
            "sellingGeneralAdministrative": null,
            "sellingAndMarketingExpenses": null,
            "grossProfit": "1537000000.00",
            "reconciledDepreciation": null,
            "ebit": null,
            "ebitda": "1537000000.00",
            "depreciationAndAmortization": null,
            "nonOperatingIncomeNetOther": null,
            "operatingIncome": "1537000000.00",
            "otherOperatingExpenses": null,
            "interestExpense": null,
            "taxProvision": null,
            "interestIncome": null,
            "netInterestIncome": null,
            "extraordinaryItems": null,
            "nonRecurring": null,
            "otherItems": null,
            "incomeTaxExpense": "-136000000.00",
            "totalRevenue": "1537000000.00",
            "totalOperatingExpenses": null,
            "costOfRevenue": null,
            "totalOtherIncomeExpenseNet": "-1537000000.00",
            "discontinuedOperations": null,
            "netIncomeFromContinuingOps": null,
            "netIncomeApplicableToCommonShares": null,
            "preferredStockAndOtherAdjustments": null
        },
        "1993-06-30": {
            "date": "1993-06-30",
            "filing_date": "1993-06-30",
            "currency_symbol": null,
            "researchDevelopment": null,
            "effectOfAccountingCharges": null,
            "incomeBeforeTax": null,
            "minorityInterest": null,
            "netIncome": "189500000.00",
            "sellingGeneralAdministrative": null,
            "sellingAndMarketingExpenses": null,
            "grossProfit": "1748500000.00",
            "reconciledDepreciation": null,
            "ebit": null,
            "ebitda": "1748500000.00",
            "depreciationAndAmortization": null,
            "nonOperatingIncomeNetOther": null,
            "operatingIncome": "1748500000.00",
            "otherOperatingExpenses": null,
            "interestExpense": null,
            "taxProvision": null,
            "interestIncome": null,
            "netInterestIncome": null,
            "extraordinaryItems": null,
            "nonRecurring": null,
            "otherItems": null,
            "incomeTaxExpense": "-189500000.00",
            "totalRevenue": "1748500000.00",
            "totalOperatingExpenses": null,
            "costOfRevenue": null,
            "totalOtherIncomeExpenseNet": "-1748500000.00",
            "discontinuedOperations": null,
            "netIncomeFromContinuingOps": null,
            "netIncomeApplicableToCommonShares": null,
            "preferredStockAndOtherAdjustments": null
        },
        "1993-03-31": {
            "date": "1993-03-31",
            "filing_date": "1993-03-31",
            "currency_symbol": null,
            "researchDevelopment": null,
            "effectOfAccountingCharges": null,
            "incomeBeforeTax": null,
            "minorityInterest": null,
            "netIncome": "189500000.00",
            "sellingGeneralAdministrative": null,
            "sellingAndMarketingExpenses": null,
            "grossProfit": "1748500000.00",
            "reconciledDepreciation": null,
            "ebit": null,
            "ebitda": "1748500000.00",
            "depreciationAndAmortization": null,
            "nonOperatingIncomeNetOther": null,
            "operatingIncome": "1748500000.00",
            "otherOperatingExpenses": null,
            "interestExpense": null,
            "taxProvision": null,
            "interestIncome": null,
            "netInterestIncome": null,
            "extraordinaryItems": null,
            "nonRecurring": null,
            "otherItems": null,
            "incomeTaxExpense": "-189500000.00",
            "totalRevenue": "1748500000.00",
            "totalOperatingExpenses": null,
            "costOfRevenue": null,
            "totalOtherIncomeExpenseNet": "-1748500000.00",
            "discontinuedOperations": null,
            "netIncomeFromContinuingOps": null,
            "netIncomeApplicableToCommonShares": null,
            "preferredStockAndOtherAdjustments": null
        }
    },
    "yearly": {
        "2024-12-31": {
            "date": "2024-12-31",
            "filing_date": "2024-12-31",
            "currency_symbol": "USD",
            "researchDevelopment": "11962873000.00",
            "effectOfAccountingCharges": null,
            "incomeBeforeTax": "8509521000.00",
            "minorityInterest": "-6000000.00",
            "netIncome": "6888100000.00",
            "sellingGeneralAdministrative": "19669000000.00",
            "sellingAndMarketingExpenses": "555000000.00",
            "grossProfit": "39698370000.00",
            "reconciledDepreciation": "6688000000.00",
            "ebit": "9898891000.00",
            "ebitda": "14858127000.00",
            "depreciationAndAmortization": "4959236000.00",
            "nonOperatingIncomeNetOther": null,
            "operatingIncome": "12521950000.00",
            "otherOperatingExpenses": "40421939000.00",
            "interestExpense": "1361954000.00",
            "taxProvision": "1650000000.00",
            "interestIncome": "458000000.00",
            "netInterestIncome": "-1284000000.00",
            "extraordinaryItems": null,
            "nonRecurring": null,
            "otherItems": null,
            "incomeTaxExpense": "1615546000.00",
            "totalRevenue": "52943888000.00",
            "totalOperatingExpenses": "27176420000.00",
            "costOfRevenue": "13245519000.00",
            "totalOtherIncomeExpenseNet": "-4012429000.00",
            "discontinuedOperations": null,
            "netIncomeFromContinuingOps": "7041000000.00",
            "netIncomeApplicableToCommonShares": null,
            "preferredStockAndOtherAdjustments": null
        },
        "2023-12-31": {
            "date": "2023-12-31",
            "filing_date": "2023-12-31",
            "currency_symbol": "USD",
            "researchDevelopment": "10519348000.00",
            "effectOfAccountingCharges": null,
            "incomeBeforeTax": "7015271000.00",
            "minorityInterest": "-6000000.00",
            "netIncome": "6055362000.00",
            "sellingGeneralAdministrative": "17683000000.00",
            "sellingAndMarketingExpenses": "539000000.00",
            "grossProfit": "34447941000.00",
            "reconciledDepreciation": "4934000000.00",
            "ebit": "8178552000.00",
            "ebitda": "13195706000.00",
            "depreciationAndAmortization": "5017154000.00",
            "nonOperatingIncomeNetOther": null,
            "operatingIncome": "9569607000.00",
            "otherOperatingExpenses": "37013462000.00",
            "interestExpense": "1151078000.00",
            "taxProvision": "938000000.00",
            "interestIncome": "301000000.00",
            "netInterestIncome": "-1288000000.00",
            "extraordinaryItems": null,
            "nonRecurring": null,
            "otherItems": null,
            "incomeTaxExpense": "953808000.00",
            "totalRevenue": "46583069000.00",
            "totalOperatingExpenses": "24878334000.00",
            "costOfRevenue": "12135128000.00",
            "totalOtherIncomeExpenseNet": "-2554336000.00",
            "discontinuedOperations": null,
            "netIncomeFromContinuingOps": "5961000000.00",
            "netIncomeApplicableToCommonShares": null,
            "preferredStockAndOtherAdjustments": null
        },
        "2022-12-31": {
            "date": "2022-12-31",
            "filing_date": "2022-12-31",
            "currency_symbol": "USD",
            "researchDevelopment": "9617792000.00",
            "effectOfAccountingCharges": null,
            "incomeBeforeTax": "2495497000.00",
            "minorityInterest": "-5000000.00",
            "netIncome": "3280766000.00",
            "sellingGeneralAdministrative": "18955000000.00",
            "sellingAndMarketingExpenses": "18955000000.00",
            "grossProfit": "28040170000.00",
            "reconciledDepreciation": "5480000000.00",
            "ebit": "3387530000.00",
            "ebitda": "8629970000.00",
            "depreciationAndAmortization": "5242440000.00",
            "nonOperatingIncomeNetOther": null,
            "operatingIncome": "5048867000.00",
            "otherOperatingExpenses": "39204551000.00",
            "interestExpense": "887044000.00",
            "taxProvision": "-792000000.00",
            "interestIncome": "95000000.00",
            "netInterestIncome": "-1251000000.00",
            "extraordinaryItems": null,
            "nonRecurring": null,
            "otherItems": null,
            "incomeTaxExpense": "-790257000.00",
            "totalRevenue": "44253418000.00",
            "totalOperatingExpenses": "22991303000.00",
            "costOfRevenue": "16213249000.00",
            "totalOtherIncomeExpenseNet": "-2553370000.00",
            "discontinuedOperations": null,
            "netIncomeFromContinuingOps": "3293000000.00",
            "netIncomeApplicableToCommonShares": "3288000000.00",
            "preferredStockAndOtherAdjustments": null
        },
        "2021-12-31": {
            "date": "2021-12-31",
            "filing_date": "2021-12-31",
            "currency_symbol": "USD",
            "researchDevelopment": "8383042852.00",
            "effectOfAccountingCharges": null,
            "incomeBeforeTax": "-259916501.00",
            "minorityInterest": "-3000000.00",
            "netIncome": "109851502.00",
            "sellingGeneralAdministrative": "95000000.00",
            "sellingAndMarketingExpenses": "15680000000.00",
            "grossProfit": "22599004372.00",
            "reconciledDepreciation": "6530000000.00",
            "ebit": "562008133.00",
            "ebitda": "4585319444.00",
            "depreciationAndAmortization": "4023311311.00",
            "nonOperatingIncomeNetOther": null,
            "operatingIncome": "2809059872.00",
            "otherOperatingExpenses": "34298189483.00",
            "interestExpense": "759152353.00",
            "taxProvision": "-380000000.00",
            "interestIncome": "43000000.00",
            "netInterestIncome": "-1257000000.00",
            "extraordinaryItems": null,
            "nonRecurring": null,
            "otherItems": null,
            "incomeTaxExpense": "-372710457.00",
            "totalRevenue": "37107249357.00",
            "totalOperatingExpenses": "19789944504.00",
            "costOfRevenue": "14508244983.00",
            "totalOtherIncomeExpenseNet": "-3068976373.00",
            "discontinuedOperations": null,
            "netIncomeFromContinuingOps": "115000000.00",
            "netIncomeApplicableToCommonShares": "112000000.00",
            "preferredStockAndOtherAdjustments": null
        },
        "2020-12-31": {
            "date": "2020-12-31",
            "filing_date": "2020-12-31",
            "currency_symbol": "USD",
            "researchDevelopment": "6464157449.00",
            "effectOfAccountingCharges": null,
            "incomeBeforeTax": "4153862910.00",
            "minorityInterest": "16000000.00",
            "netIncome": "3390129177.00",
            "sellingGeneralAdministrative": "11693000000.00",
            "sellingAndMarketingExpenses": "11693000000.00",
            "grossProfit": "21662458722.00",
            "reconciledDepreciation": "3149000000.00",
            "ebit": "4963208522.00",
            "ebitda": "8035115311.00",
            "depreciationAndAmortization": "3071906789.00",
            "nonOperatingIncomeNetOther": null,
            "operatingIncome": "4969572966.00",
            "otherOperatingExpenses": "24300522322.00",
            "interestExpense": "780705591.00",
            "taxProvision": "772000000.00",
            "interestIncome": "87000000.00",
            "netInterestIncome": "-1219000000.00",
            "extraordinaryItems": null,
            "nonRecurring": null,
            "otherItems": null,
            "incomeTaxExpense": "818892278.00",
            "totalRevenue": "29270095288.00",
            "totalOperatingExpenses": "16692885757.00",
            "costOfRevenue": "7607636566.00",
            "totalOtherIncomeExpenseNet": "-815710055.00",
            "discontinuedOperations": null,
            "netIncomeFromContinuingOps": "3144000000.00",
            "netIncomeApplicableToCommonShares": "3196000000.00",
            "preferredStockAndOtherAdjustments": null
        },
        "2019-12-31": {
            "date": "2019-12-31",
            "filing_date": "2019-12-31",
            "currency_symbol": "USD",
            "researchDevelopment": "5345152527.00",
            "effectOfAccountingCharges": null,
            "incomeBeforeTax": "1555318817.00",
            "minorityInterest": "1469000000.00",
            "netIncome": "1341311771.00",
            "sellingGeneralAdministrative": "11099000000.00",
            "sellingAndMarketingExpenses": "339000000.00",
            "grossProfit": "17725409944.00",
            "reconciledDepreciation": "3762000000.00",
            "ebit": "2447517216.00",
            "ebitda": "5242670285.00",
            "depreciationAndAmortization": "2795153069.00",
            "nonOperatingIncomeNetOther": null,
            "operatingIncome": "2820271267.00",
            "otherOperatingExpenses": "21679014305.00",
            "interestExpense": "775649952.00",
            "taxProvision": "321000000.00",
            "interestIncome": "145000000.00",
            "netInterestIncome": "-1237000000.00",
            "extraordinaryItems": null,
            "nonRecurring": null,
            "otherItems": null,
            "incomeTaxExpense": "322517661.00",
            "totalRevenue": "24499285573.00",
            "totalOperatingExpenses": "14905138673.00",
            "costOfRevenue": "6773875629.00",
            "totalOtherIncomeExpenseNet": "-1264952449.00",
            "discontinuedOperations": null,
            "netIncomeFromContinuingOps": "1227000000.00",
            "netIncomeApplicableToCommonShares": "1335000000.00",
            "preferredStockAndOtherAdjustments": null
        },
        "2018-12-31": {
            "date": "2018-12-31",
            "filing_date": "2018-12-31",
            "currency_symbol": "USD",
            "researchDevelopment": "5002628000.00",
            "effectOfAccountingCharges": null,
            "incomeBeforeTax": "1893323000.00",
            "minorityInterest": "1576000000.00",
            "netIncome": "2047221000.00",
            "sellingGeneralAdministrative": "10362000000.00",
            "sellingAndMarketingExpenses": "10362000000.00",
            "grossProfit": "15062983000.00",
            "reconciledDepreciation": "3753000000.00",
            "ebit": "2704611000.00",
            "ebitda": "5344623000.00",
            "depreciationAndAmortization": "2640012000.00",
            "nonOperatingIncomeNetOther": null,
            "operatingIncome": "1744175000.00",
            "otherOperatingExpenses": "19241023000.00",
            "interestExpense": "703940000.00",
            "taxProvision": "-57000000.00",
            "interestIncome": "132000000.00",
            "netInterestIncome": "-1228000000.00",
            "extraordinaryItems": null,
            "nonRecurring": null,
            "otherItems": null,
            "incomeTaxExpense": "-54149000.00",
            "totalRevenue": "20985198000.00",
            "totalOperatingExpenses": "13318809000.00",
            "costOfRevenue": "5922215000.00",
            "totalOtherIncomeExpenseNet": "149148000.00",
            "discontinuedOperations": null,
            "netIncomeFromContinuingOps": "2050000000.00",
            "netIncomeApplicableToCommonShares": "2155000000.00",
            "preferredStockAndOtherAdjustments": null
        },
        "2017-12-31": {
            "date": "2017-12-31",
            "filing_date": "2017-12-31",
            "currency_symbol": "USD",
            "researchDevelopment": "5649580000.00",
            "effectOfAccountingCharges": null,
            "incomeBeforeTax": "2324763000.00",
            "minorityInterest": "1682000000.00",
            "netIncome": "3132740000.00",
            "sellingGeneralAdministrative": "10233000000.00",
            "sellingAndMarketingExpenses": "310000000.00",
            "grossProfit": "17378828000.00",
            "reconciledDepreciation": "3036000000.00",
            "ebit": "3075326000.00",
            "ebitda": "5636010000.00",
            "depreciationAndAmortization": "2560684000.00",
            "nonOperatingIncomeNetOther": null,
            "operatingIncome": "3623373000.00",
            "otherOperatingExpenses": "19827814000.00",
            "interestExpense": "693149000.00",
            "taxProvision": "-641000000.00",
            "interestIncome": "29000000.00",
            "netInterestIncome": "-1321000000.00",
            "extraordinaryItems": "616000000.00",
            "nonRecurring": null,
            "otherItems": null,
            "incomeTaxExpense": "-669139000.00",
            "totalRevenue": "23451187000.00",
            "totalOperatingExpenses": "13755455000.00",
            "costOfRevenue": "6072360000.00",
            "totalOtherIncomeExpenseNet": "-1298610000.00",
            "discontinuedOperations": null,
            "netIncomeFromContinuingOps": "2868000000.00",
            "netIncomeApplicableToCommonShares": "3001000000.00",
            "preferredStockAndOtherAdjustments": null
        },
        "2016-12-31": {
            "date": "2016-12-31",
            "filing_date": "2016-12-31",
            "currency_symbol": "USD",
            "researchDevelopment": "5121913000.00",
            "effectOfAccountingCharges": null,
            "incomeBeforeTax": "3230871000.00",
            "minorityInterest": "1815000000.00",
            "netIncome": "3182663000.00",
            "sellingGeneralAdministrative": "9413000000.00",
            "sellingAndMarketingExpenses": "326000000.00",
            "grossProfit": "15855100000.00",
            "reconciledDepreciation": null,
            "ebit": "3822106000.00",
            "ebitda": "5923264000.00",
            "depreciationAndAmortization": "2101158000.00",
            "nonOperatingIncomeNetOther": null,
            "operatingIncome": "3240877000.00",
            "otherOperatingExpenses": "17681561000.00",
            "interestExpense": "561218000.00",
            "taxProvision": "146000000.00",
            "interestIncome": "43000000.00",
            "netInterestIncome": "-1308000000.00",
            "extraordinaryItems": null,
            "nonRecurring": null,
            "otherItems": null,
            "incomeTaxExpense": "132800000.00",
            "totalRevenue": "20922437000.00",
            "totalOperatingExpenses": "12614223000.00",
            "costOfRevenue": "5067338000.00",
            "totalOtherIncomeExpenseNet": "-10006000.00",
            "discontinuedOperations": null,
            "netIncomeFromContinuingOps": "3406000000.00",
            "netIncomeApplicableToCommonShares": "3499000000.00",
            "preferredStockAndOtherAdjustments": null
        },
        "2015-12-31": {
            "date": "2015-12-31",
            "filing_date": "2015-12-31",
            "currency_symbol": "USD",
            "researchDevelopment": "5425478467.00",
            "effectOfAccountingCharges": null,
            "incomeBeforeTax": "2971763950.00",
            "minorityInterest": "19000000.00",
            "netIncome": "2735494675.00",
            "sellingGeneralAdministrative": "10685000000.00",
            "sellingAndMarketingExpenses": "339000000.00",
            "grossProfit": "18028120315.00",
            "reconciledDepreciation": null,
            "ebit": "3366837172.00",
            "ebitda": "5958052660.00",
            "depreciationAndAmortization": "2591215488.00",
            "nonOperatingIncomeNetOther": null,
            "operatingIncome": "3467542100.00",
            "otherOperatingExpenses": "20457626914.00",
            "interestExpense": "379580145.00",
            "taxProvision": null,
            "interestIncome": null,
            "netInterestIncome": null,
            "extraordinaryItems": null,
            "nonRecurring": null,
            "otherItems": null,
            "incomeTaxExpense": "235300957.00",
            "totalRevenue": "23925169016.00",
            "totalOperatingExpenses": "14560578213.00",
            "costOfRevenue": "5897048701.00",
            "totalOtherIncomeExpenseNet": "-495778149.00",
            "discontinuedOperations": null,
            "netIncomeFromContinuingOps": "2826000000.00",
            "netIncomeApplicableToCommonShares": "2825000000.00",
            "preferredStockAndOtherAdjustments": null
        },
        "2014-12-31": {
            "date": "2014-12-31",
            "filing_date": "2014-12-31",
            "currency_symbol": "USD",
            "researchDevelopment": "4818027000.00",
            "effectOfAccountingCharges": null,
            "incomeBeforeTax": "1214989000.00",
            "minorityInterest": "2000000.00",
            "netIncome": "1202313000.00",
            "sellingGeneralAdministrative": "13000000000.00",
            "sellingAndMarketingExpenses": "324000000.00",
            "grossProfit": "18652913000.00",
            "reconciledDepreciation": null,
            "ebit": "1628437000.00",
            "ebitda": "4709790000.00",
            "depreciationAndAmortization": "3081353000.00",
            "nonOperatingIncomeNetOther": null,
            "operatingIncome": "3608889000.00",
            "otherOperatingExpenses": "22277403000.00",
            "interestExpense": "407597000.00",
            "taxProvision": null,
            "interestIncome": null,
            "netInterestIncome": null,
            "extraordinaryItems": null,
            "nonRecurring": null,
            "otherItems": null,
            "incomeTaxExpense": "10726000.00",
            "totalRevenue": "25886292000.00",
            "totalOperatingExpenses": "15044024000.00",
            "costOfRevenue": "7233379000.00",
            "totalOtherIncomeExpenseNet": "-2393899000.00",
            "discontinuedOperations": null,
            "netIncomeFromContinuingOps": "1235000000.00",
            "netIncomeApplicableToCommonShares": "1233000000.00",
            "preferredStockAndOtherAdjustments": null
        },
        "2013-12-31": {
            "date": "2013-12-31",
            "filing_date": "2013-12-31",
            "currency_symbol": "USD",
            "researchDevelopment": "4420717000.00",
            "effectOfAccountingCharges": null,
            "incomeBeforeTax": "3397432000.00",
            "minorityInterest": "15000000.00",
            "netIncome": "2658046000.00",
            "sellingGeneralAdministrative": "12206000000.00",
            "sellingAndMarketingExpenses": "306000000.00",
            "grossProfit": "20069493000.00",
            "reconciledDepreciation": null,
            "ebit": "3826920000.00",
            "ebitda": "6619116000.00",
            "depreciationAndAmortization": "2792196000.00",
            "nonOperatingIncomeNetOther": null,
            "operatingIncome": "6401772000.00",
            "otherOperatingExpenses": "20335714000.00",
            "interestExpense": "429489000.00",
            "taxProvision": null,
            "interestIncome": null,
            "netInterestIncome": null,
            "extraordinaryItems": null,
            "nonRecurring": null,
            "otherItems": null,
            "incomeTaxExpense": "723787000.00",
            "totalRevenue": "26737486000.00",
            "totalOperatingExpenses": "13667721000.00",
            "costOfRevenue": "6667993000.00",
            "totalOtherIncomeExpenseNet": "-3004340000.00",
            "discontinuedOperations": null,
            "netIncomeFromContinuingOps": null,
            "netIncomeApplicableToCommonShares": "2556000000.00",
            "preferredStockAndOtherAdjustments": null
        },
        "2012-12-31": {
            "date": "2012-12-31",
            "filing_date": "2012-12-31",
            "currency_symbol": "USD",
            "researchDevelopment": "4298135000.00",
            "effectOfAccountingCharges": null,
            "incomeBeforeTax": "7749007000.00",
            "minorityInterest": "30000000.00",
            "netIncome": "6324066000.00",
            "sellingGeneralAdministrative": "9839000000.00",
            "sellingAndMarketingExpenses": "320000000.00",
            "grossProfit": "22044031000.00",
            "reconciledDepreciation": null,
            "ebit": "8180746000.00",
            "ebitda": "10530988000.00",
            "depreciationAndAmortization": "2350242000.00",
            "nonOperatingIncomeNetOther": null,
            "operatingIncome": "8974295000.00",
            "otherOperatingExpenses": "19375559000.00",
            "interestExpense": "431739000.00",
            "taxProvision": null,
            "interestIncome": null,
            "netInterestIncome": null,
            "extraordinaryItems": null,
            "nonRecurring": null,
            "otherItems": null,
            "incomeTaxExpense": "1394538000.00",
            "totalRevenue": "28349854000.00",
            "totalOperatingExpenses": "13069736000.00",
            "costOfRevenue": "6305823000.00",
            "totalOtherIncomeExpenseNet": "-1225288000.00",
            "discontinuedOperations": null,
            "netIncomeFromContinuingOps": null,
            "netIncomeApplicableToCommonShares": "6297000000.00",
            "preferredStockAndOtherAdjustments": null
        },
        "2011-12-31": {
            "date": "2011-12-31",
            "filing_date": "2011-12-31",
            "currency_symbol": "USD",
            "researchDevelopment": "4355936000.00",
            "effectOfAccountingCharges": null,
            "incomeBeforeTax": "11955140000.00",
            "minorityInterest": "33000000.00",
            "netIncome": "9650534000.00",
            "sellingGeneralAdministrative": "11161000000.00",
            "sellingAndMarketingExpenses": "11507000000.00",
            "grossProfit": "25917142000.00",
            "reconciledDepreciation": null,
            "ebit": "12373719000.00",
            "ebitda": "14304213000.00",
            "depreciationAndAmortization": "1930494000.00",
            "nonOperatingIncomeNetOther": null,
            "operatingIncome": "11749233000.00",
            "otherOperatingExpenses": "20723080000.00",
            "interestExpense": "418580000.00",
            "taxProvision": null,
            "interestIncome": null,
            "netInterestIncome": null,
            "extraordinaryItems": null,
            "nonRecurring": null,
            "otherItems": null,
            "incomeTaxExpense": "2272704000.00",
            "totalRevenue": "32472313000.00",
            "totalOperatingExpenses": "14167909000.00",
            "costOfRevenue": "6555171000.00",
            "totalOtherIncomeExpenseNet": "205906000.00",
            "discontinuedOperations": null,
            "netIncomeFromContinuingOps": null,
            "netIncomeApplicableToCommonShares": "9983000000.00",
            "preferredStockAndOtherAdjustments": null
        },
        "2010-12-31": {
            "date": "2010-12-31",
            "filing_date": "2010-12-31",
            "currency_symbol": "USD",
            "researchDevelopment": "4099718000.00",
            "effectOfAccountingCharges": null,
            "incomeBeforeTax": "10995016000.00",
            "minorityInterest": "28000000.00",
            "netIncome": "8066217000.00",
            "sellingGeneralAdministrative": "10445000000.00",
            "sellingAndMarketingExpenses": "335000000.00",
            "grossProfit": "26485398000.00",
            "reconciledDepreciation": null,
            "ebit": "11474803000.00",
            "ebitda": "13363898000.00",
            "depreciationAndAmortization": "1889095000.00",
            "nonOperatingIncomeNetOther": null,
            "operatingIncome": "12650729000.00",
            "otherOperatingExpenses": "20672874000.00",
            "interestExpense": "479786000.00",
            "taxProvision": null,
            "interestIncome": null,
            "netInterestIncome": null,
            "extraordinaryItems": null,
            "nonRecurring": null,
            "otherItems": null,
            "incomeTaxExpense": "2900753000.00",
            "totalRevenue": "33323603000.00",
            "totalOperatingExpenses": "13834669000.00",
            "costOfRevenue": "6838205000.00",
            "totalOtherIncomeExpenseNet": "-1655713000.00",
            "discontinuedOperations": null,
            "netIncomeFromContinuingOps": null,
            "netIncomeApplicableToCommonShares": "8053000000.00",
            "preferredStockAndOtherAdjustments": null
        },
        "2009-12-31": {
            "date": "2009-12-31",
            "filing_date": "2009-12-31",
            "currency_symbol": "USD",
            "researchDevelopment": "4370118000.00",
            "effectOfAccountingCharges": null,
            "incomeBeforeTax": "11136022000.00",
            "minorityInterest": "23000000.00",
            "netIncome": "7749979000.00",
            "sellingGeneralAdministrative": "11332000000.00",
            "sellingAndMarketingExpenses": "298000000.00",
            "grossProfit": "27207877000.00",
            "reconciledDepreciation": null,
            "ebit": "11713072000.00",
            "ebitda": "13384454000.00",
            "depreciationAndAmortization": "1671382000.00",
            "nonOperatingIncomeNetOther": null,
            "operatingIncome": "11864547000.00",
            "otherOperatingExpenses": "21938180000.00",
            "interestExpense": "577049000.00",
            "taxProvision": null,
            "interestIncome": null,
            "netInterestIncome": null,
            "extraordinaryItems": null,
            "nonRecurring": null,
            "otherItems": null,
            "incomeTaxExpense": "3362343000.00",
            "totalRevenue": "33802726000.00",
            "totalOperatingExpenses": "15343330000.00",
            "costOfRevenue": "6594850000.00",
            "totalOtherIncomeExpenseNet": "-728525000.00",
            "discontinuedOperations": null,
            "netIncomeFromContinuingOps": null,
            "netIncomeApplicableToCommonShares": "7521000000.00",
            "preferredStockAndOtherAdjustments": null
        },
        "2008-12-31": {
            "date": "2008-12-31",
            "filing_date": "2008-12-31",
            "currency_symbol": "USD",
            "researchDevelopment": "4714224000.00",
            "effectOfAccountingCharges": null,
            "incomeBeforeTax": "8422346000.00",
            "minorityInterest": "29000000.00",
            "netIncome": "5919218000.00",
            "sellingGeneralAdministrative": "11204000000.00",
            "sellingAndMarketingExpenses": "10637000000.00",
            "grossProfit": "24017415000.00",
            "reconciledDepreciation": null,
            "ebit": "9234407000.00",
            "ebitda": "11044809000.00",
            "depreciationAndAmortization": "1810402000.00",
            "nonOperatingIncomeNetOther": null,
            "operatingIncome": "9660327000.00",
            "otherOperatingExpenses": "20999108000.00",
            "interestExpense": "692726000.00",
            "taxProvision": null,
            "interestIncome": null,
            "netInterestIncome": null,
            "extraordinaryItems": null,
            "nonRecurring": null,
            "otherItems": null,
            "incomeTaxExpense": "2474992000.00",
            "totalRevenue": "30659435000.00",
            "totalOperatingExpenses": "14357088000.00",
            "costOfRevenue": "6642021000.00",
            "totalOtherIncomeExpenseNet": "-1237981000.00",
            "discontinuedOperations": null,
            "netIncomeFromContinuingOps": null,
            "netIncomeApplicableToCommonShares": "6101000000.00",
            "preferredStockAndOtherAdjustments": null
        },
        "2007-12-31": {
            "date": "2007-12-31",
            "filing_date": "2007-12-31",
            "currency_symbol": "USD",
            "researchDevelopment": "5052485000.00",
            "effectOfAccountingCharges": null,
            "incomeBeforeTax": "7925719000.00",
            "minorityInterest": "32000000.00",
            "netIncome": "5554854000.00",
            "sellingGeneralAdministrative": "10612000000.00",
            "sellingAndMarketingExpenses": "10134000000.00",
            "grossProfit": "22835961000.00",
            "reconciledDepreciation": null,
            "ebit": "8443974000.00",
            "ebitda": "10062278000.00",
            "depreciationAndAmortization": "1618304000.00",
            "nonOperatingIncomeNetOther": null,
            "operatingIncome": "8272215000.00",
            "otherOperatingExpenses": "21074690000.00",
            "interestExpense": "518254000.00",
            "taxProvision": null,
            "interestIncome": null,
            "netInterestIncome": null,
            "extraordinaryItems": null,
            "nonRecurring": null,
            "otherItems": null,
            "incomeTaxExpense": "2339095000.00",
            "totalRevenue": "29346905000.00",
            "totalOperatingExpenses": "14563745000.00",
            "costOfRevenue": "6510944000.00",
            "totalOtherIncomeExpenseNet": "-346496000.00",
            "discontinuedOperations": null,
            "netIncomeFromContinuingOps": null,
            "netIncomeApplicableToCommonShares": "5595000000.00",
            "preferredStockAndOtherAdjustments": null
        },
        "2006-12-31": {
            "date": "2006-12-31",
            "filing_date": "2006-12-31",
            "currency_symbol": "USD",
            "researchDevelopment": "4132393000.00",
            "effectOfAccountingCharges": null,
            "incomeBeforeTax": "9087010000.00",
            "minorityInterest": "20000000.00",
            "netIncome": "6427813000.00",
            "sellingGeneralAdministrative": "9322000000.00",
            "sellingAndMarketingExpenses": "9322000000.00",
            "grossProfit": "21958591000.00",
            "reconciledDepreciation": null,
            "ebit": "9163595000.00",
            "ebitda": "10519786000.00",
            "depreciationAndAmortization": "1356191000.00",
            "nonOperatingIncomeNetOther": null,
            "operatingIncome": "8256277000.00",
            "otherOperatingExpenses": "19904626000.00",
            "interestExpense": "76585000.00",
            "taxProvision": null,
            "interestIncome": null,
            "netInterestIncome": null,
            "extraordinaryItems": null,
            "nonRecurring": null,
            "otherItems": null,
            "incomeTaxExpense": "2637924000.00",
            "totalRevenue": "28160903000.00",
            "totalOperatingExpenses": "13702314000.00",
            "costOfRevenue": "6202313000.00",
            "totalOtherIncomeExpenseNet": "830733000.00",
            "discontinuedOperations": null,
            "netIncomeFromContinuingOps": null,
            "netIncomeApplicableToCommonShares": "6043000000.00",
            "preferredStockAndOtherAdjustments": null
        },
        "2005-12-31": {
            "date": "2005-12-31",
            "filing_date": "2005-12-31",
            "currency_symbol": "USD",
            "researchDevelopment": "3201913000.00",
            "effectOfAccountingCharges": null,
            "incomeBeforeTax": "6317595000.00",
            "minorityInterest": "18000000.00",
            "netIncome": "4459367000.00",
            "sellingGeneralAdministrative": "8906000000.00",
            "sellingAndMarketingExpenses": "8906000000.00",
            "grossProfit": "17447061000.00",
            "reconciledDepreciation": null,
            "ebit": "6375398000.00",
            "ebitda": "7547569000.00",
            "depreciationAndAmortization": "1172171000.00",
            "nonOperatingIncomeNetOther": null,
            "operatingIncome": "6063640000.00",
            "otherOperatingExpenses": "16631185000.00",
            "interestExpense": "57803000.00",
            "taxProvision": null,
            "interestIncome": null,
            "netInterestIncome": null,
            "extraordinaryItems": null,
            "nonRecurring": null,
            "otherItems": null,
            "incomeTaxExpense": "1841171000.00",
            "totalRevenue": "22694825000.00",
            "totalOperatingExpenses": "11383421000.00",
            "costOfRevenue": "5247764000.00",
            "totalOtherIncomeExpenseNet": "253955000.00",
            "discontinuedOperations": null,
            "netIncomeFromContinuingOps": null,
            "netIncomeApplicableToCommonShares": "4706000000.00",
            "preferredStockAndOtherAdjustments": null
        },
        "2004-12-31": {
            "date": "2004-12-31",
            "filing_date": "2004-12-31",
            "currency_symbol": "USD",
            "researchDevelopment": "3637533000.00",
            "effectOfAccountingCharges": null,
            "incomeBeforeTax": "5082264000.00",
            "minorityInterest": "18000000.00",
            "netIncome": "3844223000.00",
            "sellingGeneralAdministrative": "8268000000.00",
            "sellingAndMarketingExpenses": null,
            "grossProfit": "16742933000.00",
            "reconciledDepreciation": null,
            "ebit": "5130527000.00",
            "ebitda": "6417880000.00",
            "depreciationAndAmortization": "1287353000.00",
            "nonOperatingIncomeNetOther": null,
            "operatingIncome": "4576556000.00",
            "otherOperatingExpenses": "17903335000.00",
            "interestExpense": "48263000.00",
            "taxProvision": null,
            "interestIncome": null,
            "netInterestIncome": null,
            "extraordinaryItems": null,
            "nonRecurring": null,
            "otherItems": null,
            "incomeTaxExpense": "1218107000.00",
            "totalRevenue": "22479891000.00",
            "totalOperatingExpenses": "12166378000.00",
            "costOfRevenue": "5736957000.00",
            "totalOtherIncomeExpenseNet": "505708000.00",
            "discontinuedOperations": null,
            "netIncomeFromContinuingOps": null,
            "netIncomeApplicableToCommonShares": "3813000000.00",
            "preferredStockAndOtherAdjustments": null
        },
        "2003-12-31": {
            "date": "2003-12-31",
            "filing_date": "2003-12-31",
            "currency_symbol": "USD",
            "researchDevelopment": "3451000000.00",
            "effectOfAccountingCharges": null,
            "incomeBeforeTax": "4202000000.00",
            "minorityInterest": "23000000.00",
            "netIncome": "3036000000.00",
            "sellingGeneralAdministrative": "6856000000.00",
            "sellingAndMarketingExpenses": null,
            "grossProfit": "14380000000.00",
            "reconciledDepreciation": null,
            "ebit": "4010000000.00",
            "ebitda": "5300000000.00",
            "depreciationAndAmortization": "1290000000.00",
            "nonOperatingIncomeNetOther": null,
            "operatingIncome": "4111000000.00",
            "otherOperatingExpenses": "14738000000.00",
            "interestExpense": "0.00",
            "taxProvision": null,
            "interestIncome": null,
            "netInterestIncome": null,
            "extraordinaryItems": null,
            "nonRecurring": null,
            "otherItems": null,
            "incomeTaxExpense": "1143000000.00",
            "totalRevenue": "18849000000.00",
            "totalOperatingExpenses": "10269000000.00",
            "costOfRevenue": "4469000000.00",
            "totalOtherIncomeExpenseNet": "70000000.00",
            "discontinuedOperations": null,
            "netIncomeFromContinuingOps": null,
            "netIncomeApplicableToCommonShares": "3036000000.00",
            "preferredStockAndOtherAdjustments": null
        },
        "2002-12-31": {
            "date": "2002-12-31",
            "filing_date": "2002-12-31",
            "currency_symbol": "USD",
            "researchDevelopment": "3070514617.00",
            "effectOfAccountingCharges": null,
            "incomeBeforeTax": "4038993315.00",
            "minorityInterest": "24000000.00",
            "netIncome": "2837400338.00",
            "sellingGeneralAdministrative": "6000961584.00",
            "sellingAndMarketingExpenses": null,
            "grossProfit": "13327576709.00",
            "reconciledDepreciation": null,
            "ebit": "4005526456.00",
            "ebitda": "4966000000.00",
            "depreciationAndAmortization": "960473544.00",
            "nonOperatingIncomeNetOther": null,
            "operatingIncome": "4358150922.00",
            "otherOperatingExpenses": "13491656599.00",
            "interestExpense": "0.00",
            "taxProvision": null,
            "interestIncome": null,
            "netInterestIncome": null,
            "extraordinaryItems": null,
            "nonRecurring": null,
            "otherItems": null,
            "incomeTaxExpense": "1177580736.00",
            "totalRevenue": "17849807521.00",
            "totalOperatingExpenses": "8969425787.00",
            "costOfRevenue": "4522230812.00",
            "totalOtherIncomeExpenseNet": "4849078.00",
            "discontinuedOperations": null,
            "netIncomeFromContinuingOps": null,
            "netIncomeApplicableToCommonShares": "2836000000.00",
            "preferredStockAndOtherAdjustments": null
        },
        "2001-12-31": {
            "date": "2001-12-31",
            "filing_date": "2001-12-31",
            "currency_symbol": "USD",
            "researchDevelopment": "3965407378.00",
            "effectOfAccountingCharges": null,
            "incomeBeforeTax": "5831969428.00",
            "minorityInterest": "11000000.00",
            "netIncome": "4156211499.00",
            "sellingGeneralAdministrative": "5549000000.00",
            "sellingAndMarketingExpenses": null,
            "grossProfit": "23570530781.00",
            "reconciledDepreciation": null,
            "ebit": "3850435698.00",
            "ebitda": "5016000000.00",
            "depreciationAndAmortization": "1165564302.00",
            "nonOperatingIncomeNetOther": null,
            "operatingIncome": "5655683012.00",
            "otherOperatingExpenses": "17576792641.00",
            "interestExpense": "134807259.00",
            "taxProvision": null,
            "interestIncome": null,
            "netInterestIncome": null,
            "extraordinaryItems": null,
            "nonRecurring": null,
            "otherItems": null,
            "incomeTaxExpense": "1659166267.00",
            "totalRevenue": "23570530781.00",
            "totalOperatingExpenses": "17576792641.00",
            "costOfRevenue": "3584000000.00",
            "totalOtherIncomeExpenseNet": "102000000.00",
            "discontinuedOperations": null,
            "netIncomeFromContinuingOps": null,
            "netIncomeApplicableToCommonShares": "2967000000.00",
            "preferredStockAndOtherAdjustments": null
        },
        "2000-12-31": {
            "date": "2000-12-31",
            "filing_date": "2000-12-31",
            "currency_symbol": "USD",
            "researchDevelopment": "2894611064.00",
            "effectOfAccountingCharges": null,
            "incomeBeforeTax": "3850519775.00",
            "minorityInterest": "10000000.00",
            "netIncome": "2540626120.00",
            "sellingGeneralAdministrative": "5977000000.00",
            "sellingAndMarketingExpenses": null,
            "grossProfit": "18115963675.00",
            "reconciledDepreciation": null,
            "ebit": "3981957222.00",
            "ebitda": "4910981000.00",
            "depreciationAndAmortization": "929023778.00",
            "nonOperatingIncomeNetOther": null,
            "operatingIncome": "3665312462.00",
            "otherOperatingExpenses": "13642609630.00",
            "interestExpense": "131437447.00",
            "taxProvision": null,
            "interestIncome": null,
            "netInterestIncome": null,
            "extraordinaryItems": null,
            "nonRecurring": null,
            "otherItems": null,
            "incomeTaxExpense": "1299438403.00",
            "totalRevenue": "18115963675.00",
            "totalOperatingExpenses": "13642609630.00",
            "costOfRevenue": "4509000000.00",
            "totalOtherIncomeExpenseNet": "185207313.00",
            "discontinuedOperations": null,
            "netIncomeFromContinuingOps": null,
            "netIncomeApplicableToCommonShares": "2538000000.00",
            "preferredStockAndOtherAdjustments": null
        },
        "1999-12-31": {
            "date": "1999-12-31",
            "filing_date": "1999-12-31",
            "currency_symbol": null,
            "researchDevelopment": "2921562378.00",
            "effectOfAccountingCharges": null,
            "incomeBeforeTax": "1958036754.00",
            "minorityInterest": null,
            "netIncome": "1142437233.00",
            "sellingGeneralAdministrative": null,
            "sellingAndMarketingExpenses": null,
            "grossProfit": "18435929209.00",
            "reconciledDepreciation": null,
            "ebit": "3501491265.00",
            "ebitda": "4499000000.00",
            "depreciationAndAmortization": "997508735.00",
            "nonOperatingIncomeNetOther": null,
            "operatingIncome": "2673684806.00",
            "otherOperatingExpenses": "13622829041.00",
            "interestExpense": "166917950.00",
            "taxProvision": null,
            "interestIncome": null,
            "netInterestIncome": null,
            "extraordinaryItems": null,
            "nonRecurring": null,
            "otherItems": null,
            "incomeTaxExpense": "814599779.00",
            "totalRevenue": "18435929209.00",
            "totalOperatingExpenses": "13622829041.00",
            "costOfRevenue": null,
            "totalOtherIncomeExpenseNet": "126000000.00",
            "discontinuedOperations": null,
            "netIncomeFromContinuingOps": null,
            "netIncomeApplicableToCommonShares": null,
            "preferredStockAndOtherAdjustments": null
        },
        "1998-12-31": {
            "date": "1998-12-31",
            "filing_date": "1998-12-31",
            "currency_symbol": null,
            "researchDevelopment": "1175201261.00",
            "effectOfAccountingCharges": null,
            "incomeBeforeTax": "1734583782.00",
            "minorityInterest": null,
            "netIncome": "1185160594.00",
            "sellingGeneralAdministrative": null,
            "sellingAndMarketingExpenses": null,
            "grossProfit": "9145987218.00",
            "reconciledDepreciation": null,
            "ebit": "2839667359.00",
            "ebitda": "3248000000.00",
            "depreciationAndAmortization": "408332641.00",
            "nonOperatingIncomeNetOther": null,
            "operatingIncome": "1820898000.00",
            "otherOperatingExpenses": "7174039339.00",
            "interestExpense": "106232882.00",
            "taxProvision": null,
            "interestIncome": null,
            "netInterestIncome": null,
            "extraordinaryItems": null,
            "nonRecurring": null,
            "otherItems": null,
            "incomeTaxExpense": "547763299.00",
            "totalRevenue": "9145987218.00",
            "totalOperatingExpenses": "7174039339.00",
            "costOfRevenue": null,
            "totalOtherIncomeExpenseNet": "697000000.00",
            "discontinuedOperations": null,
            "netIncomeFromContinuingOps": null,
            "netIncomeApplicableToCommonShares": null,
            "preferredStockAndOtherAdjustments": null
        },
        "1997-12-31": {
            "date": "1997-12-31",
            "filing_date": "1997-12-31",
            "currency_symbol": null,
            "researchDevelopment": "1079481584.00",
            "effectOfAccountingCharges": null,
            "incomeBeforeTax": "1787013158.00",
            "minorityInterest": null,
            "netIncome": "1206771143.00",
            "sellingGeneralAdministrative": null,
            "sellingAndMarketingExpenses": null,
            "grossProfit": "8586259340.00",
            "reconciledDepreciation": null,
            "ebit": "1887852939.00",
            "ebitda": "2244924948.00",
            "depreciationAndAmortization": "357072009.00",
            "nonOperatingIncomeNetOther": null,
            "operatingIncome": "1790319381.00",
            "otherOperatingExpenses": "6774449513.00",
            "interestExpense": "100839780.00",
            "taxProvision": null,
            "interestIncome": null,
            "netInterestIncome": null,
            "extraordinaryItems": null,
            "nonRecurring": null,
            "otherItems": null,
            "incomeTaxExpense": "570323348.00",
            "totalRevenue": "8586259340.00",
            "totalOperatingExpenses": "6774449513.00",
            "costOfRevenue": null,
            "totalOtherIncomeExpenseNet": "-3306223.00",
            "discontinuedOperations": null,
            "netIncomeFromContinuingOps": null,
            "netIncomeApplicableToCommonShares": null,
            "preferredStockAndOtherAdjustments": null
        },
        "1996-12-31": {
            "date": "1996-12-31",
            "filing_date": "1996-12-31",
            "currency_symbol": null,
            "researchDevelopment": "1030927835.00",
            "effectOfAccountingCharges": null,
            "incomeBeforeTax": "1669692091.00",
            "minorityInterest": null,
            "netIncome": "1101140528.00",
            "sellingGeneralAdministrative": null,
            "sellingAndMarketingExpenses": null,
            "grossProfit": "9184162756.00",
            "reconciledDepreciation": null,
            "ebit": "1779292393.00",
            "ebitda": "2150905914.00",
            "depreciationAndAmortization": "371613521.00",
            "nonOperatingIncomeNetOther": null,
            "operatingIncome": "1786142411.00",
            "otherOperatingExpenses": "7315820118.00",
            "interestExpense": "109600301.00",
            "taxProvision": null,
            "interestIncome": null,
            "netInterestIncome": null,
            "extraordinaryItems": null,
            "nonRecurring": null,
            "otherItems": null,
            "incomeTaxExpense": "548001507.00",
            "totalRevenue": "9184162756.00",
            "totalOperatingExpenses": "7315820118.00",
            "costOfRevenue": null,
            "totalOtherIncomeExpenseNet": "-116450320.00",
            "discontinuedOperations": null,
            "netIncomeFromContinuingOps": null,
            "netIncomeApplicableToCommonShares": null,
            "preferredStockAndOtherAdjustments": null
        },
        "1995-12-31": {
            "date": "1995-12-31",
            "filing_date": "1995-12-31",
            "currency_symbol": null,
            "researchDevelopment": "848321898.00",
            "effectOfAccountingCharges": null,
            "incomeBeforeTax": "956486803.00",
            "minorityInterest": null,
            "netIncome": "519191544.00",
            "sellingGeneralAdministrative": null,
            "sellingAndMarketingExpenses": null,
            "grossProfit": "7568452932.00",
            "reconciledDepreciation": null,
            "ebit": "1052290006.00",
            "ebitda": "1352061314.00",
            "depreciationAndAmortization": "299771308.00",
            "nonOperatingIncomeNetOther": null,
            "operatingIncome": "1280981519.00",
            "otherOperatingExpenses": "5887261264.00",
            "interestExpense": "95803201.00",
            "taxProvision": null,
            "interestIncome": null,
            "netInterestIncome": null,
            "extraordinaryItems": null,
            "nonRecurring": null,
            "otherItems": null,
            "incomeTaxExpense": "414117065.00",
            "totalRevenue": "7568452932.00",
            "totalOperatingExpenses": "5887261264.00",
            "costOfRevenue": null,
            "totalOtherIncomeExpenseNet": "-324494716.00",
            "discontinuedOperations": null,
            "netIncomeFromContinuingOps": null,
            "netIncomeApplicableToCommonShares": null,
            "preferredStockAndOtherAdjustments": null
        },
        "1994-12-31": {
            "date": "1994-12-31",
            "filing_date": "1994-12-31",
            "currency_symbol": null,
            "researchDevelopment": "809843190.00",
            "effectOfAccountingCharges": null,
            "incomeBeforeTax": "1030283132.00",
            "minorityInterest": null,
            "netIncome": "692587902.00",
            "sellingGeneralAdministrative": null,
            "sellingAndMarketingExpenses": null,
            "grossProfit": "7004049215.00",
            "reconciledDepreciation": null,
            "ebit": "1200694151.00",
            "ebitda": "1477416631.00",
            "depreciationAndAmortization": "276722480.00",
            "nonOperatingIncomeNetOther": null,
            "operatingIncome": "1030283132.00",
            "otherOperatingExpenses": "5811172083.00",
            "interestExpense": "117255288.00",
            "taxProvision": null,
            "interestIncome": null,
            "netInterestIncome": null,
            "extraordinaryItems": null,
            "nonRecurring": null,
            "otherItems": null,
            "incomeTaxExpense": "328314806.00",
            "totalRevenue": "7004049215.00",
            "totalOperatingExpenses": "5811172083.00",
            "costOfRevenue": null,
            "totalOtherIncomeExpenseNet": "-162593999.66",
            "discontinuedOperations": null,
            "netIncomeFromContinuingOps": null,
            "netIncomeApplicableToCommonShares": null,
            "preferredStockAndOtherAdjustments": null
        },
        "1993-12-31": {
            "date": "1993-12-31",
            "filing_date": "1993-12-31",
            "currency_symbol": null,
            "researchDevelopment": "767706052.00",
            "effectOfAccountingCharges": null,
            "incomeBeforeTax": "936335128.00",
            "minorityInterest": null,
            "netIncome": "637536240.00",
            "sellingGeneralAdministrative": null,
            "sellingAndMarketingExpenses": null,
            "grossProfit": "6567658718.00",
            "reconciledDepreciation": null,
            "ebit": "1116797822.00",
            "ebitda": "1371220637.00",
            "depreciationAndAmortization": "254422815.00",
            "nonOperatingIncomeNetOther": null,
            "operatingIncome": "1041358499.00",
            "otherOperatingExpenses": "5548488255.00",
            "interestExpense": "202650730.00",
            "taxProvision": null,
            "interestIncome": null,
            "netInterestIncome": null,
            "extraordinaryItems": null,
            "nonRecurring": null,
            "otherItems": null,
            "incomeTaxExpense": "279569256.00",
            "totalRevenue": "6567658718.00",
            "totalOperatingExpenses": "5548488255.00",
            "costOfRevenue": null,
            "totalOtherIncomeExpenseNet": "-105023371.00",
            "discontinuedOperations": null,
            "netIncomeFromContinuingOps": null,
            "netIncomeApplicableToCommonShares": null,
            "preferredStockAndOtherAdjustments": null
        },
        "1992-12-31": {
            "date": "1992-12-31",
            "filing_date": "1992-12-31",
            "currency_symbol": null,
            "researchDevelopment": "676444269.00",
            "effectOfAccountingCharges": null,
            "incomeBeforeTax": "154702501.00",
            "minorityInterest": null,
            "netIncome": "121335294.00",
            "sellingGeneralAdministrative": null,
            "sellingAndMarketingExpenses": null,
            "grossProfit": "6034914231.00",
            "reconciledDepreciation": null,
            "ebit": "444390518.00",
            "ebitda": "687061107.00",
            "depreciationAndAmortization": "242670589.00",
            "nonOperatingIncomeNetOther": null,
            "operatingIncome": "429223605.00",
            "otherOperatingExpenses": "5090015621.00",
            "interestExpense": "283621251.00",
            "taxProvision": null,
            "interestIncome": null,
            "netInterestIncome": null,
            "extraordinaryItems": null,
            "nonRecurring": null,
            "otherItems": null,
            "incomeTaxExpense": "15166911.00",
            "totalRevenue": "6034914231.00",
            "totalOperatingExpenses": "5090015621.00",
            "costOfRevenue": null,
            "totalOtherIncomeExpenseNet": "-274521104.00",
            "discontinuedOperations": null,
            "netIncomeFromContinuingOps": null,
            "netIncomeApplicableToCommonShares": null,
            "preferredStockAndOtherAdjustments": null
        },
        "1991-12-31": {
            "date": "1991-12-31",
            "filing_date": "1991-12-31",
            "currency_symbol": null,
            "researchDevelopment": "703566483.00",
            "effectOfAccountingCharges": null,
            "incomeBeforeTax": "993600538.00",
            "minorityInterest": null,
            "netIncome": "645559672.00",
            "sellingGeneralAdministrative": null,
            "sellingAndMarketingExpenses": null,
            "grossProfit": "7351895512.00",
            "reconciledDepreciation": null,
            "ebit": "1386549904.00",
            "ebitda": "1678455147.00",
            "depreciationAndAmortization": "291905243.00",
            "nonOperatingIncomeNetOther": null,
            "operatingIncome": "1276149844.00",
            "otherOperatingExpenses": "6083230418.00",
            "interestExpense": "392949365.00",
            "taxProvision": null,
            "interestIncome": null,
            "netInterestIncome": null,
            "extraordinaryItems": null,
            "nonRecurring": null,
            "otherItems": null,
            "incomeTaxExpense": "312488305.00",
            "totalRevenue": "7351895512.00",
            "totalOperatingExpenses": "6083230418.00",
            "costOfRevenue": null,
            "totalOtherIncomeExpenseNet": "-282549306.00",
            "discontinuedOperations": null,
            "netIncomeFromContinuingOps": null,
            "netIncomeApplicableToCommonShares": null,
            "preferredStockAndOtherAdjustments": null
        },
        "1990-12-31": {
            "date": "1990-12-31",
            "filing_date": "1990-12-31",
            "currency_symbol": null,
            "researchDevelopment": "704062343.00",
            "effectOfAccountingCharges": null,
            "incomeBeforeTax": "682844026.00",
            "minorityInterest": null,
            "netIncome": "428224219.00",
            "sellingGeneralAdministrative": null,
            "sellingAndMarketingExpenses": null,
            "grossProfit": "7349253501.00",
            "reconciledDepreciation": null,
            "ebit": "1072489487.00",
            "ebitda": "1373403803.00",
            "depreciationAndAmortization": "300914316.00",
            "nonOperatingIncomeNetOther": null,
            "operatingIncome": "1157362756.00",
            "otherOperatingExpenses": "6043362524.00",
            "interestExpense": "389645461.00",
            "taxProvision": null,
            "interestIncome": null,
            "netInterestIncome": null,
            "extraordinaryItems": null,
            "nonRecurring": null,
            "otherItems": null,
            "incomeTaxExpense": "231472551.00",
            "totalRevenue": "7349253501.00",
            "totalOperatingExpenses": "6043362524.00",
            "costOfRevenue": null,
            "totalOtherIncomeExpenseNet": "-474518730.00",
            "discontinuedOperations": null,
            "netIncomeFromContinuingOps": null,
            "netIncomeApplicableToCommonShares": null,
            "preferredStockAndOtherAdjustments": null
        }
    }
}