{
    "currency_symbol": "AUD",
    "quarterly": {
        "2025-06-30": {
            "date": "2025-06-30",
            "filing_date": "2025-06-30",
            "currency_symbol": null,
            "researchDevelopment": null,
            "effectOfAccountingCharges": null,
            "incomeBeforeTax": "7143000000.00",
            "minorityInterest": null,
            "netIncome": "4982000000.00",
            "sellingGeneralAdministrative": "638000000.00",
            "sellingAndMarketingExpenses": "173000000.00",
            "grossProfit": "14879000000.00",
            "reconciledDepreciation": null,
            "ebit": null,
            "ebitda": "7277000000.00",
            "depreciationAndAmortization": null,
            "nonOperatingIncomeNetOther": null,
            "operatingIncome": "7277000000.00",
            "otherOperatingExpenses": "49490000000.00",
            "interestExpense": null,
            "taxProvision": null,
            "interestIncome": null,
            "netInterestIncome": null,
            "extraordinaryItems": null,
            "nonRecurring": null,
            "otherItems": null,
            "incomeTaxExpense": "2152000000.00",
            "totalRevenue": "55966000000.00",
            "totalOperatingExpenses": "8403000000.00",
            "costOfRevenue": null,
            "totalOtherIncomeExpenseNet": "-134000000.00",
            "discontinuedOperations": null,
            "netIncomeFromContinuingOps": null,
            "netIncomeApplicableToCommonShares": null,
            "preferredStockAndOtherAdjustments": null
        },
        "2024-12-31": {
            "date": "2024-12-31",
            "filing_date": "2024-12-31",
            "currency_symbol": "AUD",
            "researchDevelopment": null,
            "effectOfAccountingCharges": null,
            "incomeBeforeTax": "7406000000.00",
            "minorityInterest": null,
            "netIncome": "5134000000.00",
            "sellingGeneralAdministrative": "1077000000.00",
            "sellingAndMarketingExpenses": "140000000.00",
            "grossProfit": "13778000000.00",
            "reconciledDepreciation": null,
            "ebit": null,
            "ebitda": "7436000000.00",
            "depreciationAndAmortization": null,
            "nonOperatingIncomeNetOther": null,
            "operatingIncome": "8073000000.00",
            "otherOperatingExpenses": "5705000000.00",
            "interestExpense": null,
            "taxProvision": "2264000000.00",
            "interestIncome": null,
            "netInterestIncome": null,
            "extraordinaryItems": "-8000000.00",
            "nonRecurring": null,
            "otherItems": null,
            "incomeTaxExpense": "2264000000.00",
            "totalRevenue": "13778000000.00",
            "totalOperatingExpenses": "5705000000.00",
            "costOfRevenue": null,
            "totalOtherIncomeExpenseNet": "-667000000.00",
            "discontinuedOperations": null,
            "netIncomeFromContinuingOps": null,
            "netIncomeApplicableToCommonShares": "5134000000.00",
            "preferredStockAndOtherAdjustments": null
        },
        "2024-06-30": {
            "date": "2024-06-30",
            "filing_date": "2024-06-30",
            "currency_symbol": "AUD",
            "researchDevelopment": null,
            "effectOfAccountingCharges": null,
            "incomeBeforeTax": "6770000000.00",
            "minorityInterest": null,
            "netIncome": "4649000000.00",
            "sellingGeneralAdministrative": "975000000.00",
            "sellingAndMarketingExpenses": "165000000.00",
            "grossProfit": "33999000000.00",
            "reconciledDepreciation": null,
            "ebit": "6771000000.00",
            "ebitda": "7513000000.00",
            "depreciationAndAmortization": "742000000.00",
            "nonOperatingIncomeNetOther": null,
            "operatingIncome": "6806000000.00",
            "otherOperatingExpenses": "27193000000.00",
            "interestExpense": "5788000000.00",
            "taxProvision": "2073000000.00",
            "interestIncome": null,
            "netInterestIncome": null,
            "extraordinaryItems": "-9000000.00",
            "nonRecurring": null,
            "otherItems": null,
            "incomeTaxExpense": "2073000000.00",
            "totalRevenue": "12956000000.00",
            "totalOperatingExpenses": "2048000000.00",
            "costOfRevenue": "-21043000000.00",
            "totalOtherIncomeExpenseNet": "-36000000.00",
            "discontinuedOperations": null,
            "netIncomeFromContinuingOps": null,
            "netIncomeApplicableToCommonShares": "4635000000.00",
            "preferredStockAndOtherAdjustments": null
        },
        "2023-12-31": {
            "date": "2023-12-31",
            "filing_date": "2023-12-31",
            "currency_symbol": "AUD",
            "researchDevelopment": null,
            "effectOfAccountingCharges": null,
            "incomeBeforeTax": "7107000000.00",
            "minorityInterest": null,
            "netIncome": "4759000000.00",
            "sellingGeneralAdministrative": "988000000.00",
            "sellingAndMarketingExpenses": "132000000.00",
            "grossProfit": "31726000000.00",
            "reconciledDepreciation": null,
            "ebit": "7139000000.00",
            "ebitda": "7837000000.00",
            "depreciationAndAmortization": "698000000.00",
            "nonOperatingIncomeNetOther": null,
            "operatingIncome": "7466000000.00",
            "otherOperatingExpenses": "24533000000.00",
            "interestExpense": "4869000000.00",
            "taxProvision": "2228000000.00",
            "interestIncome": null,
            "netInterestIncome": null,
            "extraordinaryItems": "-78000000.00",
            "nonRecurring": null,
            "otherItems": null,
            "incomeTaxExpense": "2228000000.00",
            "totalRevenue": "31726000000.00",
            "totalOperatingExpenses": "1890000000.00",
            "costOfRevenue": null,
            "totalOtherIncomeExpenseNet": "-359000000.00",
            "discontinuedOperations": null,
            "netIncomeFromContinuingOps": null,
            "netIncomeApplicableToCommonShares": "4759000000.00",
            "preferredStockAndOtherAdjustments": null
        },
        "2023-06-30": {
            "date": "2023-06-30",
            "filing_date": "2023-06-30",
            "currency_symbol": "AUD",
            "researchDevelopment": null,
            "effectOfAccountingCharges": null,
            "incomeBeforeTax": "6770000000.00",
            "minorityInterest": null,
            "netIncome": "4980000000.00",
            "sellingGeneralAdministrative": "1032000000.00",
            "sellingAndMarketingExpenses": "144000000.00",
            "grossProfit": "27071000000.00",
            "reconciledDepreciation": null,
            "ebit": "6770000000.00",
            "ebitda": "7305000000.00",
            "depreciationAndAmortization": "535000000.00",
            "nonOperatingIncomeNetOther": null,
            "operatingIncome": "7122000000.00",
            "otherOperatingExpenses": "20299000000.00",
            "interestExpense": "4146000000.00",
            "taxProvision": "1926000000.00",
            "interestIncome": null,
            "netInterestIncome": null,
            "extraordinaryItems": "-27000000.00",
            "nonRecurring": null,
            "otherItems": null,
            "incomeTaxExpense": "1926000000.00",
            "totalRevenue": "27071000000.00",
            "totalOperatingExpenses": "2002000000.00",
            "costOfRevenue": null,
            "totalOtherIncomeExpenseNet": "-352000000.00",
            "discontinuedOperations": "-13500000.00",
            "netIncomeFromContinuingOps": null,
            "netIncomeApplicableToCommonShares": "4945000000.00",
            "preferredStockAndOtherAdjustments": null
        },
        "2022-12-31": {
            "date": "2022-12-31",
            "filing_date": "2022-12-31",
            "currency_symbol": "AUD",
            "researchDevelopment": null,
            "effectOfAccountingCharges": null,
            "incomeBeforeTax": "7460000000.00",
            "minorityInterest": null,
            "netIncome": "5145000000.00",
            "sellingGeneralAdministrative": "1088000000.00",
            "sellingAndMarketingExpenses": "118000000.00",
            "grossProfit": "21817000000.00",
            "reconciledDepreciation": null,
            "ebit": "7460000000.00",
            "ebitda": "8035000000.00",
            "depreciationAndAmortization": "575000000.00",
            "nonOperatingIncomeNetOther": null,
            "operatingIncome": "7873000000.00",
            "otherOperatingExpenses": "14134000000.00",
            "interestExpense": "2812000000.00",
            "taxProvision": "2229000000.00",
            "interestIncome": null,
            "netInterestIncome": null,
            "extraordinaryItems": "-71000000.00",
            "nonRecurring": null,
            "otherItems": null,
            "incomeTaxExpense": "2229000000.00",
            "totalRevenue": "21817000000.00",
            "totalOperatingExpenses": "1871000000.00",
            "costOfRevenue": null,
            "totalOtherIncomeExpenseNet": "-413000000.00",
            "discontinuedOperations": "-35500000.00",
            "netIncomeFromContinuingOps": null,
            "netIncomeApplicableToCommonShares": "5145000000.00",
            "preferredStockAndOtherAdjustments": null
        },
        "2022-06-30": {
            "date": "2022-06-30",
            "filing_date": "2022-06-30",
            "currency_symbol": "AUD",
            "researchDevelopment": null,
            "effectOfAccountingCharges": null,
            "incomeBeforeTax": "6285000000.00",
            "minorityInterest": null,
            "netIncome": "4901000000.00",
            "sellingGeneralAdministrative": "1095000000.00",
            "sellingAndMarketingExpenses": "126000000.00",
            "grossProfit": "16443000000.00",
            "reconciledDepreciation": null,
            "ebit": "6285000000.00",
            "ebitda": "7252000000.00",
            "depreciationAndAmortization": "967000000.00",
            "nonOperatingIncomeNetOther": null,
            "operatingIncome": "7654000000.00",
            "otherOperatingExpenses": "8357000000.00",
            "interestExpense": "1214000000.00",
            "taxProvision": "2106000000.00",
            "interestIncome": null,
            "netInterestIncome": null,
            "extraordinaryItems": "-31000000.00",
            "nonRecurring": null,
            "otherItems": null,
            "incomeTaxExpense": "2106000000.00",
            "totalRevenue": "14717000000.00",
            "totalOperatingExpenses": "2560000000.00",
            "costOfRevenue": "-1726000000.00",
            "totalOtherIncomeExpenseNet": "-1369000000.00",
            "discontinuedOperations": "-15500000.00",
            "netIncomeFromContinuingOps": null,
            "netIncomeApplicableToCommonShares": "2450500000.00",
            "preferredStockAndOtherAdjustments": null
        },
        "2021-12-31": {
            "date": "2021-12-31",
            "filing_date": "2021-12-31",
            "currency_symbol": "AUD",
            "researchDevelopment": null,
            "effectOfAccountingCharges": null,
            "incomeBeforeTax": "6387000000.00",
            "minorityInterest": null,
            "netIncome": "5870000000.00",
            "sellingGeneralAdministrative": "1055000000.00",
            "sellingAndMarketingExpenses": "101000000.00",
            "grossProfit": "14455000000.00",
            "reconciledDepreciation": null,
            "ebit": "6387000000.00",
            "ebitda": "6970000000.00",
            "depreciationAndAmortization": "583000000.00",
            "nonOperatingIncomeNetOther": null,
            "operatingIncome": "6904000000.00",
            "otherOperatingExpenses": "7974000000.00",
            "interestExpense": "944000000.00",
            "taxProvision": "1905000000.00",
            "interestIncome": null,
            "netInterestIncome": "9748000000.00",
            "extraordinaryItems": "1129000000.00",
            "nonRecurring": null,
            "otherItems": null,
            "incomeTaxExpense": "1905000000.00",
            "totalRevenue": "14455000000.00",
            "totalOperatingExpenses": "2023000000.00",
            "costOfRevenue": null,
            "totalOtherIncomeExpenseNet": "-517000000.00",
            "discontinuedOperations": "564500000.00",
            "netIncomeFromContinuingOps": null,
            "netIncomeApplicableToCommonShares": "2935000000.00",
            "preferredStockAndOtherAdjustments": null
        },
        "2021-06-30": {
            "date": "2021-06-30",
            "filing_date": "2021-06-30",
            "currency_symbol": "AUD",
            "researchDevelopment": null,
            "effectOfAccountingCharges": null,
            "incomeBeforeTax": "6520000000.00",
            "minorityInterest": "5000000.00",
            "netIncome": "5304000000.00",
            "sellingGeneralAdministrative": "1124000000.00",
            "sellingAndMarketingExpenses": "217000000.00",
            "grossProfit": "14660000000.00",
            "reconciledDepreciation": null,
            "ebit": "6520000000.00",
            "ebitda": "7208000000.00",
            "depreciationAndAmortization": "688000000.00",
            "nonOperatingIncomeNetOther": null,
            "operatingIncome": "7252000000.00",
            "otherOperatingExpenses": "8062000000.00",
            "interestExpense": "953000000.00",
            "taxProvision": "1922000000.00",
            "interestIncome": null,
            "netInterestIncome": "9468000000.00",
            "extraordinaryItems": "238000000.00",
            "nonRecurring": null,
            "otherItems": null,
            "incomeTaxExpense": "1922000000.00",
            "totalRevenue": "14660000000.00",
            "totalOperatingExpenses": "2392000000.00",
            "costOfRevenue": null,
            "totalOtherIncomeExpenseNet": "-732000000.00",
            "discontinuedOperations": "119000000.00",
            "netIncomeFromContinuingOps": null,
            "netIncomeApplicableToCommonShares": "2652000000.00",
            "preferredStockAndOtherAdjustments": null
        },
        "2020-12-31": {
            "date": "2020-12-31",
            "filing_date": "2020-12-31",
            "currency_symbol": "AUD",
            "researchDevelopment": null,
            "effectOfAccountingCharges": null,
            "incomeBeforeTax": "5256000000.00",
            "minorityInterest": "5000000.00",
            "netIncome": "4877000000.00",
            "sellingGeneralAdministrative": "1023000000.00",
            "sellingAndMarketingExpenses": "195000000.00",
            "grossProfit": "15571000000.00",
            "reconciledDepreciation": null,
            "ebit": "5256000000.00",
            "ebitda": "6063000000.00",
            "depreciationAndAmortization": "807000000.00",
            "nonOperatingIncomeNetOther": null,
            "operatingIncome": "5788000000.00",
            "otherOperatingExpenses": "10254000000.00",
            "interestExpense": "1088000000.00",
            "taxProvision": "1610000000.00",
            "interestIncome": null,
            "netInterestIncome": "9371000000.00",
            "extraordinaryItems": "1100000000.00",
            "nonRecurring": null,
            "otherItems": null,
            "incomeTaxExpense": "1610000000.00",
            "totalRevenue": "15571000000.00",
            "totalOperatingExpenses": "2203000000.00",
            "costOfRevenue": null,
            "totalOtherIncomeExpenseNet": "-532000000.00",
            "discontinuedOperations": "550000000.00",
            "netIncomeFromContinuingOps": null,
            "netIncomeApplicableToCommonShares": "2438500000.00",
            "preferredStockAndOtherAdjustments": null
        },
        "2020-06-30": {
            "date": "2020-06-30",
            "filing_date": "2020-06-30",
            "currency_symbol": "AUD",
            "researchDevelopment": null,
            "effectOfAccountingCharges": null,
            "incomeBeforeTax": "4191000000.00",
            "minorityInterest": "5000000.00",
            "netIncome": "3473000000.00",
            "sellingGeneralAdministrative": "948000000.00",
            "sellingAndMarketingExpenses": "217000000.00",
            "grossProfit": "16939000000.00",
            "reconciledDepreciation": "468000000.00",
            "ebit": "4191000000.00",
            "ebitda": "5031000000.00",
            "depreciationAndAmortization": "840000000.00",
            "nonOperatingIncomeNetOther": null,
            "operatingIncome": "4646000000.00",
            "otherOperatingExpenses": "12730000000.00",
            "interestExpense": "1637000000.00",
            "taxProvision": "1206000000.00",
            "interestIncome": null,
            "netInterestIncome": "9317000000.00",
            "extraordinaryItems": "587000000.00",
            "nonRecurring": null,
            "otherItems": null,
            "incomeTaxExpense": "1258000000.00",
            "totalRevenue": "16939000000.00",
            "totalOperatingExpenses": "2395000000.00",
            "costOfRevenue": null,
            "totalOtherIncomeExpenseNet": "-455000000.00",
            "discontinuedOperations": "550000000.00",
            "netIncomeFromContinuingOps": null,
            "netIncomeApplicableToCommonShares": "2438500000.00",
            "preferredStockAndOtherAdjustments": null
        },
        "2019-12-31": {
            "date": "2019-12-31",
            "filing_date": "2019-12-31",
            "currency_symbol": "AUD",
            "researchDevelopment": null,
            "effectOfAccountingCharges": null,
            "incomeBeforeTax": "6291000000.00",
            "minorityInterest": "51000000.00",
            "netIncome": "6161000000.00",
            "sellingGeneralAdministrative": "758000000.00",
            "sellingAndMarketingExpenses": "207000000.00",
            "grossProfit": "19246000000.00",
            "reconciledDepreciation": "468000000.00",
            "ebit": "6291000000.00",
            "ebitda": "7329000000.00",
            "depreciationAndAmortization": "1038000000.00",
            "nonOperatingIncomeNetOther": null,
            "operatingIncome": "6795000000.00",
            "otherOperatingExpenses": "12954000000.00",
            "interestExpense": "2146000000.00",
            "taxProvision": "1814000000.00",
            "interestIncome": null,
            "netInterestIncome": "9293000000.00",
            "extraordinaryItems": "1588000000.00",
            "nonRecurring": null,
            "otherItems": null,
            "incomeTaxExpense": "1814000000.00",
            "totalRevenue": "19246000000.00",
            "totalOperatingExpenses": "2228000000.00",
            "costOfRevenue": null,
            "totalOtherIncomeExpenseNet": "-504000000.00",
            "discontinuedOperations": "794000000.00",
            "netIncomeFromContinuingOps": "2286500000.00",
            "netIncomeApplicableToCommonShares": "3080500000.00",
            "preferredStockAndOtherAdjustments": null
        },
        "2019-06-30": {
            "date": "2019-06-30",
            "filing_date": "2019-06-30",
            "currency_symbol": "AUD",
            "researchDevelopment": null,
            "effectOfAccountingCharges": null,
            "incomeBeforeTax": "5233000000.00",
            "minorityInterest": "55000000.00",
            "netIncome": "3972000000.00",
            "sellingGeneralAdministrative": "1682000000.00",
            "sellingAndMarketingExpenses": "113250000.00",
            "grossProfit": "20015000000.00",
            "reconciledDepreciation": "243000000.00",
            "ebit": "5233000000.00",
            "ebitda": "5717000000.00",
            "depreciationAndAmortization": "484000000.00",
            "nonOperatingIncomeNetOther": null,
            "operatingIncome": "8470000000.00",
            "otherOperatingExpenses": "14688000000.00",
            "interestExpense": "2844000000.00",
            "taxProvision": "1560000000.00",
            "interestIncome": null,
            "netInterestIncome": "8986000000.00",
            "extraordinaryItems": "187000000.00",
            "nonRecurring": null,
            "otherItems": null,
            "incomeTaxExpense": "1560000000.00",
            "totalRevenue": "20015000000.00",
            "totalOperatingExpenses": "2329000000.00",
            "costOfRevenue": null,
            "totalOtherIncomeExpenseNet": "-3237000000.00",
            "discontinuedOperations": "93500000.00",
            "netIncomeFromContinuingOps": "1895500000.00",
            "netIncomeApplicableToCommonShares": "3972000000.00",
            "preferredStockAndOtherAdjustments": null
        },
        "2018-12-31": {
            "date": "2018-12-31",
            "filing_date": "2018-12-31",
            "currency_symbol": "AUD",
            "researchDevelopment": null,
            "effectOfAccountingCharges": null,
            "incomeBeforeTax": "6412000000.00",
            "minorityInterest": "553000000.00",
            "netIncome": "4575000000.00",
            "sellingGeneralAdministrative": "960000000.00",
            "sellingAndMarketingExpenses": "226000000.00",
            "grossProfit": "11598000000.00",
            "reconciledDepreciation": "243000000.00",
            "ebit": "6406000000.00",
            "ebitda": "-74000000.00",
            "depreciationAndAmortization": "-6480000000.00",
            "nonOperatingIncomeNetOther": null,
            "operatingIncome": "6480000000.00",
            "otherOperatingExpenses": "5186000000.00",
            "interestExpense": "4117000000.00",
            "taxProvision": "1831000000.00",
            "interestIncome": null,
            "netInterestIncome": "9134000000.00",
            "extraordinaryItems": "24000000.00",
            "nonRecurring": null,
            "otherItems": null,
            "incomeTaxExpense": "1831000000.00",
            "totalRevenue": "11598000000.00",
            "totalOperatingExpenses": "5186000000.00",
            "costOfRevenue": "0.00",
            "totalOtherIncomeExpenseNet": "-68000000.00",
            "discontinuedOperations": "12000000.00",
            "netIncomeFromContinuingOps": "2290500000.00",
            "netIncomeApplicableToCommonShares": "4599000000.00",
            "preferredStockAndOtherAdjustments": null
        },
        "2018-06-30": {
            "date": "2018-06-30",
            "filing_date": "2018-06-30",
            "currency_symbol": "AUD",
            "researchDevelopment": null,
            "effectOfAccountingCharges": null,
            "incomeBeforeTax": "5908000000.00",
            "minorityInterest": "554000000.00",
            "netIncome": "4571000000.00",
            "sellingGeneralAdministrative": "869000000.00",
            "sellingAndMarketingExpenses": "223000000.00",
            "grossProfit": "10848000000.00",
            "reconciledDepreciation": "217750000.00",
            "ebit": "-7779000000.00",
            "ebitda": "732000000.00",
            "depreciationAndAmortization": "8511000000.00",
            "nonOperatingIncomeNetOther": null,
            "operatingIncome": "6337000000.00",
            "otherOperatingExpenses": "22590000000.00",
            "interestExpense": "5374000000.00",
            "taxProvision": "1919000000.00",
            "interestIncome": null,
            "netInterestIncome": "9085000000.00",
            "extraordinaryItems": "124000000.00",
            "nonRecurring": null,
            "otherItems": null,
            "incomeTaxExpense": "1919000000.00",
            "totalRevenue": "28620000000.00",
            "totalOperatingExpenses": "-874000000.00",
            "costOfRevenue": "17772000000.00",
            "totalOtherIncomeExpenseNet": "665000000.00",
            "discontinuedOperations": "12000000.00",
            "netIncomeFromContinuingOps": "2290500000.00",
            "netIncomeApplicableToCommonShares": "4423000000.00",
            "preferredStockAndOtherAdjustments": null
        },
        "2017-12-31": {
            "date": "2017-12-31",
            "filing_date": "2017-12-31",
            "currency_symbol": "AUD",
            "researchDevelopment": null,
            "effectOfAccountingCharges": null,
            "incomeBeforeTax": "6797000000.00",
            "minorityInterest": "4500000.00",
            "netIncome": "4758000000.00",
            "sellingGeneralAdministrative": "942000000.00",
            "sellingAndMarketingExpenses": "255000000.00",
            "grossProfit": "12392000000.00",
            "reconciledDepreciation": "217750000.00",
            "ebit": "6791000000.00",
            "ebitda": "-793000000.00",
            "depreciationAndAmortization": "-7584000000.00",
            "nonOperatingIncomeNetOther": null,
            "operatingIncome": "7584000000.00",
            "otherOperatingExpenses": "5595000000.00",
            "interestExpense": "4050500000.00",
            "taxProvision": null,
            "interestIncome": null,
            "netInterestIncome": null,
            "extraordinaryItems": "5500000.00",
            "nonRecurring": null,
            "otherItems": null,
            "incomeTaxExpense": "2033000000.00",
            "totalRevenue": "12392000000.00",
            "totalOperatingExpenses": "5595000000.00",
            "costOfRevenue": "0.00",
            "totalOtherIncomeExpenseNet": "-787000000.00",
            "discontinuedOperations": "5500000.00",
            "netIncomeFromContinuingOps": "2452000000.00",
            "netIncomeApplicableToCommonShares": "2453000000.00",
            "preferredStockAndOtherAdjustments": null
        },
        "2017-09-30": {
            "date": "2017-09-30",
            "filing_date": "2017-09-30",
            "currency_symbol": "AUD",
            "researchDevelopment": null,
            "effectOfAccountingCharges": null,
            "incomeBeforeTax": null,
            "minorityInterest": null,
            "netIncome": null,
            "sellingGeneralAdministrative": null,
            "sellingAndMarketingExpenses": null,
            "grossProfit": null,
            "reconciledDepreciation": null,
            "ebit": null,
            "ebitda": null,
            "depreciationAndAmortization": null,
            "nonOperatingIncomeNetOther": null,
            "operatingIncome": null,
            "otherOperatingExpenses": null,
            "interestExpense": null,
            "taxProvision": null,
            "interestIncome": null,
            "netInterestIncome": null,
            "extraordinaryItems": null,
            "nonRecurring": null,
            "otherItems": null,
            "incomeTaxExpense": null,
            "totalRevenue": null,
            "totalOperatingExpenses": null,
            "costOfRevenue": null,
            "totalOtherIncomeExpenseNet": null,
            "discontinuedOperations": null,
            "netIncomeFromContinuingOps": null,
            "netIncomeApplicableToCommonShares": null,
            "preferredStockAndOtherAdjustments": null
        },
        "2017-06-30": {
            "date": "2017-06-30",
            "filing_date": "2017-06-30",
            "currency_symbol": "AUD",
            "researchDevelopment": null,
            "effectOfAccountingCharges": null,
            "incomeBeforeTax": "6895000000.00",
            "minorityInterest": "7500000.00",
            "netIncome": "4931000000.00",
            "sellingGeneralAdministrative": "985000000.00",
            "sellingAndMarketingExpenses": "237000000.00",
            "grossProfit": "12033000000.00",
            "reconciledDepreciation": "282750000.00",
            "ebit": "6884000000.00",
            "ebitda": "-168000000.00",
            "depreciationAndAmortization": "-7052000000.00",
            "nonOperatingIncomeNetOther": null,
            "operatingIncome": "7052000000.00",
            "otherOperatingExpenses": "5138000000.00",
            "interestExpense": "3923250000.00",
            "taxProvision": null,
            "interestIncome": null,
            "netInterestIncome": null,
            "extraordinaryItems": null,
            "nonRecurring": null,
            "otherItems": null,
            "incomeTaxExpense": "1953000000.00",
            "totalRevenue": "12033000000.00",
            "totalOperatingExpenses": "5138000000.00",
            "costOfRevenue": "0.00",
            "totalOtherIncomeExpenseNet": "-157000000.00",
            "discontinuedOperations": "5500000.00",
            "netIncomeFromContinuingOps": "2524000000.00",
            "netIncomeApplicableToCommonShares": "2516500000.00",
            "preferredStockAndOtherAdjustments": null
        },
        "2017-03-31": {
            "date": "2017-03-31",
            "filing_date": "2017-03-31",
            "currency_symbol": "AUD",
            "researchDevelopment": null,
            "effectOfAccountingCharges": null,
            "incomeBeforeTax": null,
            "minorityInterest": null,
            "netIncome": null,
            "sellingGeneralAdministrative": null,
            "sellingAndMarketingExpenses": null,
            "grossProfit": null,
            "reconciledDepreciation": null,
            "ebit": null,
            "ebitda": null,
            "depreciationAndAmortization": null,
            "nonOperatingIncomeNetOther": null,
            "operatingIncome": null,
            "otherOperatingExpenses": null,
            "interestExpense": null,
            "taxProvision": null,
            "interestIncome": null,
            "netInterestIncome": null,
            "extraordinaryItems": null,
            "nonRecurring": null,
            "otherItems": null,
            "incomeTaxExpense": null,
            "totalRevenue": null,
            "totalOperatingExpenses": null,
            "costOfRevenue": null,
            "totalOtherIncomeExpenseNet": null,
            "discontinuedOperations": null,
            "netIncomeFromContinuingOps": null,
            "netIncomeApplicableToCommonShares": null,
            "preferredStockAndOtherAdjustments": null
        },
        "2016-12-31": {
            "date": "2016-12-31",
            "filing_date": "2016-12-31",
            "currency_symbol": "AUD",
            "researchDevelopment": null,
            "effectOfAccountingCharges": null,
            "incomeBeforeTax": "6770000000.00",
            "minorityInterest": "4500000.00",
            "netIncome": "4835000000.00",
            "sellingGeneralAdministrative": "738000000.00",
            "sellingAndMarketingExpenses": "192000000.00",
            "grossProfit": "12258000000.00",
            "reconciledDepreciation": "282750000.00",
            "ebit": "6761000000.00",
            "ebitda": "-635000000.00",
            "depreciationAndAmortization": "-7396000000.00",
            "nonOperatingIncomeNetOther": null,
            "operatingIncome": "7396000000.00",
            "otherOperatingExpenses": "5488000000.00",
            "interestExpense": "3923250000.00",
            "taxProvision": null,
            "interestIncome": null,
            "netInterestIncome": null,
            "extraordinaryItems": null,
            "nonRecurring": null,
            "otherItems": null,
            "incomeTaxExpense": "1926000000.00",
            "totalRevenue": "12258000000.00",
            "totalOperatingExpenses": "5488000000.00",
            "costOfRevenue": "0.00",
            "totalOtherIncomeExpenseNet": "-626000000.00",
            "discontinuedOperations": null,
            "netIncomeFromContinuingOps": "2452000000.00",
            "netIncomeApplicableToCommonShares": "2447500000.00",
            "preferredStockAndOtherAdjustments": null
        },
        "2016-09-30": {
            "date": "2016-09-30",
            "filing_date": null,
            "currency_symbol": "AUD",
            "researchDevelopment": null,
            "effectOfAccountingCharges": null,
            "incomeBeforeTax": null,
            "minorityInterest": null,
            "netIncome": null,
            "sellingGeneralAdministrative": null,
            "sellingAndMarketingExpenses": null,
            "grossProfit": null,
            "reconciledDepreciation": null,
            "ebit": null,
            "ebitda": null,
            "depreciationAndAmortization": null,
            "nonOperatingIncomeNetOther": null,
            "operatingIncome": null,
            "otherOperatingExpenses": null,
            "interestExpense": null,
            "taxProvision": null,
            "interestIncome": null,
            "netInterestIncome": null,
            "extraordinaryItems": null,
            "nonRecurring": null,
            "otherItems": null,
            "incomeTaxExpense": null,
            "totalRevenue": null,
            "totalOperatingExpenses": null,
            "costOfRevenue": null,
            "totalOtherIncomeExpenseNet": null,
            "discontinuedOperations": null,
            "netIncomeFromContinuingOps": null,
            "netIncomeApplicableToCommonShares": null,
            "preferredStockAndOtherAdjustments": null
        },
        "2016-06-30": {
            "date": "2016-06-30",
            "filing_date": "2016-06-30",
            "currency_symbol": "AUD",
            "researchDevelopment": null,
            "effectOfAccountingCharges": null,
            "incomeBeforeTax": "6454000000.00",
            "minorityInterest": "4500000.00",
            "netIncome": "4582000000.00",
            "sellingGeneralAdministrative": "732000000.00",
            "sellingAndMarketingExpenses": "232000000.00",
            "grossProfit": "11468000000.00",
            "reconciledDepreciation": "177500000.00",
            "ebit": "6427000000.00",
            "ebitda": "-26000000.00",
            "depreciationAndAmortization": "-6453000000.00",
            "nonOperatingIncomeNetOther": null,
            "operatingIncome": "6453000000.00",
            "otherOperatingExpenses": "5014000000.00",
            "interestExpense": "4220500000.00",
            "taxProvision": null,
            "interestIncome": null,
            "netInterestIncome": null,
            "extraordinaryItems": null,
            "nonRecurring": null,
            "otherItems": null,
            "incomeTaxExpense": "1845000000.00",
            "totalRevenue": "11468000000.00",
            "totalOperatingExpenses": "5014000000.00",
            "costOfRevenue": null,
            "totalOtherIncomeExpenseNet": "1000000.00",
            "discontinuedOperations": null,
            "netIncomeFromContinuingOps": null,
            "netIncomeApplicableToCommonShares": null,
            "preferredStockAndOtherAdjustments": null
        },
        "2016-03-31": {
            "date": "2016-03-31",
            "filing_date": "2016-03-31",
            "currency_symbol": "AUD",
            "researchDevelopment": null,
            "effectOfAccountingCharges": null,
            "incomeBeforeTax": null,
            "minorityInterest": null,
            "netIncome": null,
            "sellingGeneralAdministrative": null,
            "sellingAndMarketingExpenses": null,
            "grossProfit": null,
            "reconciledDepreciation": null,
            "ebit": null,
            "ebitda": null,
            "depreciationAndAmortization": null,
            "nonOperatingIncomeNetOther": null,
            "operatingIncome": null,
            "otherOperatingExpenses": null,
            "interestExpense": null,
            "taxProvision": null,
            "interestIncome": null,
            "netInterestIncome": null,
            "extraordinaryItems": null,
            "nonRecurring": null,
            "otherItems": null,
            "incomeTaxExpense": null,
            "totalRevenue": null,
            "totalOperatingExpenses": null,
            "costOfRevenue": null,
            "totalOtherIncomeExpenseNet": null,
            "discontinuedOperations": null,
            "netIncomeFromContinuingOps": null,
            "netIncomeApplicableToCommonShares": null,
            "preferredStockAndOtherAdjustments": null
        },
        "2015-12-31": {
            "date": "2015-12-31",
            "filing_date": "2015-12-31",
            "currency_symbol": "AUD",
            "researchDevelopment": null,
            "effectOfAccountingCharges": null,
            "incomeBeforeTax": "6395000000.00",
            "minorityInterest": "5500000.00",
            "netIncome": "4591000000.00",
            "sellingGeneralAdministrative": "761000000.00",
            "sellingAndMarketingExpenses": "259000000.00",
            "grossProfit": "11854000000.00",
            "reconciledDepreciation": "177500000.00",
            "ebit": "6352000000.00",
            "ebitda": "-477000000.00",
            "depreciationAndAmortization": "-6829000000.00",
            "nonOperatingIncomeNetOther": null,
            "operatingIncome": "6829000000.00",
            "otherOperatingExpenses": "5459000000.00",
            "interestExpense": "4220500000.00",
            "taxProvision": null,
            "interestIncome": null,
            "netInterestIncome": null,
            "extraordinaryItems": null,
            "nonRecurring": null,
            "otherItems": null,
            "incomeTaxExpense": "1761000000.00",
            "totalRevenue": "11854000000.00",
            "totalOperatingExpenses": "5459000000.00",
            "costOfRevenue": null,
            "totalOtherIncomeExpenseNet": "-434000000.00",
            "discontinuedOperations": null,
            "netIncomeFromContinuingOps": null,
            "netIncomeApplicableToCommonShares": null,
            "preferredStockAndOtherAdjustments": null
        },
        "2015-09-30": {
            "date": "2015-09-30",
            "filing_date": "2015-09-30",
            "currency_symbol": "AUD",
            "researchDevelopment": null,
            "effectOfAccountingCharges": null,
            "incomeBeforeTax": null,
            "minorityInterest": null,
            "netIncome": null,
            "sellingGeneralAdministrative": null,
            "sellingAndMarketingExpenses": null,
            "grossProfit": null,
            "reconciledDepreciation": null,
            "ebit": null,
            "ebitda": null,
            "depreciationAndAmortization": null,
            "nonOperatingIncomeNetOther": null,
            "operatingIncome": null,
            "otherOperatingExpenses": null,
            "interestExpense": null,
            "taxProvision": null,
            "interestIncome": null,
            "netInterestIncome": null,
            "extraordinaryItems": null,
            "nonRecurring": null,
            "otherItems": null,
            "incomeTaxExpense": null,
            "totalRevenue": null,
            "totalOperatingExpenses": null,
            "costOfRevenue": null,
            "totalOtherIncomeExpenseNet": null,
            "discontinuedOperations": null,
            "netIncomeFromContinuingOps": null,
            "netIncomeApplicableToCommonShares": null,
            "preferredStockAndOtherAdjustments": null
        },
        "2015-06-30": {
            "date": "2015-06-30",
            "filing_date": "2015-06-30",
            "currency_symbol": "AUD",
            "researchDevelopment": null,
            "effectOfAccountingCharges": null,
            "incomeBeforeTax": "6292000000.00",
            "minorityInterest": "5500000.00",
            "netIncome": "4500000000.00",
            "sellingGeneralAdministrative": "805000000.00",
            "sellingAndMarketingExpenses": "275000000.00",
            "grossProfit": "11353000000.00",
            "reconciledDepreciation": "178000000.00",
            "ebit": "6253000000.00",
            "ebitda": "-194000000.00",
            "depreciationAndAmortization": "-6447000000.00",
            "nonOperatingIncomeNetOther": null,
            "operatingIncome": "6447000000.00",
            "otherOperatingExpenses": "5061000000.00",
            "interestExpense": "4576250000.00",
            "taxProvision": null,
            "interestIncome": null,
            "netInterestIncome": null,
            "extraordinaryItems": null,
            "nonRecurring": null,
            "otherItems": null,
            "incomeTaxExpense": "1753000000.00",
            "totalRevenue": "11353000000.00",
            "totalOperatingExpenses": "5061000000.00",
            "costOfRevenue": null,
            "totalOtherIncomeExpenseNet": "-155000000.00",
            "discontinuedOperations": null,
            "netIncomeFromContinuingOps": null,
            "netIncomeApplicableToCommonShares": null,
            "preferredStockAndOtherAdjustments": null
        },
        "2015-03-31": {
            "date": "2015-03-31",
            "filing_date": "2015-03-31",
            "currency_symbol": "AUD",
            "researchDevelopment": null,
            "effectOfAccountingCharges": null,
            "incomeBeforeTax": null,
            "minorityInterest": null,
            "netIncome": null,
            "sellingGeneralAdministrative": null,
            "sellingAndMarketingExpenses": null,
            "grossProfit": null,
            "reconciledDepreciation": null,
            "ebit": null,
            "ebitda": null,
            "depreciationAndAmortization": null,
            "nonOperatingIncomeNetOther": null,
            "operatingIncome": null,
            "otherOperatingExpenses": null,
            "interestExpense": null,
            "taxProvision": null,
            "interestIncome": null,
            "netInterestIncome": null,
            "extraordinaryItems": null,
            "nonRecurring": null,
            "otherItems": null,
            "incomeTaxExpense": null,
            "totalRevenue": null,
            "totalOperatingExpenses": null,
            "costOfRevenue": null,
            "totalOtherIncomeExpenseNet": null,
            "discontinuedOperations": null,
            "netIncomeFromContinuingOps": null,
            "netIncomeApplicableToCommonShares": null,
            "preferredStockAndOtherAdjustments": null
        },
        "2014-12-31": {
            "date": "2014-12-31",
            "filing_date": "2014-12-31",
            "currency_symbol": "AUD",
            "researchDevelopment": null,
            "effectOfAccountingCharges": null,
            "incomeBeforeTax": "6320000000.00",
            "minorityInterest": "5000000.00",
            "netIncome": "4511000000.00",
            "sellingGeneralAdministrative": "693000000.00",
            "sellingAndMarketingExpenses": "247000000.00",
            "grossProfit": "11327000000.00",
            "reconciledDepreciation": "178000000.00",
            "ebit": "6286000000.00",
            "ebitda": "-289000000.00",
            "depreciationAndAmortization": "-6575000000.00",
            "nonOperatingIncomeNetOther": null,
            "operatingIncome": "6575000000.00",
            "otherOperatingExpenses": "5007000000.00",
            "interestExpense": "4576250000.00",
            "taxProvision": null,
            "interestIncome": null,
            "netInterestIncome": null,
            "extraordinaryItems": null,
            "nonRecurring": null,
            "otherItems": null,
            "incomeTaxExpense": "1775000000.00",
            "totalRevenue": "11327000000.00",
            "totalOperatingExpenses": "5007000000.00",
            "costOfRevenue": null,
            "totalOtherIncomeExpenseNet": "-255000000.00",
            "discontinuedOperations": null,
            "netIncomeFromContinuingOps": null,
            "netIncomeApplicableToCommonShares": null,
            "preferredStockAndOtherAdjustments": null
        },
        "2014-09-30": {
            "date": "2014-09-30",
            "filing_date": "2014-09-30",
            "currency_symbol": "AUD",
            "researchDevelopment": null,
            "effectOfAccountingCharges": null,
            "incomeBeforeTax": null,
            "minorityInterest": null,
            "netIncome": null,
            "sellingGeneralAdministrative": null,
            "sellingAndMarketingExpenses": null,
            "grossProfit": null,
            "reconciledDepreciation": null,
            "ebit": null,
            "ebitda": null,
            "depreciationAndAmortization": null,
            "nonOperatingIncomeNetOther": null,
            "operatingIncome": null,
            "otherOperatingExpenses": null,
            "interestExpense": null,
            "taxProvision": null,
            "interestIncome": null,
            "netInterestIncome": null,
            "extraordinaryItems": null,
            "nonRecurring": null,
            "otherItems": null,
            "incomeTaxExpense": null,
            "totalRevenue": null,
            "totalOperatingExpenses": null,
            "costOfRevenue": null,
            "totalOtherIncomeExpenseNet": null,
            "discontinuedOperations": null,
            "netIncomeFromContinuingOps": null,
            "netIncomeApplicableToCommonShares": null,
            "preferredStockAndOtherAdjustments": null
        },
        "2014-06-30": {
            "date": "2014-06-30",
            "filing_date": "2014-06-30",
            "currency_symbol": "AUD",
            "researchDevelopment": null,
            "effectOfAccountingCharges": null,
            "incomeBeforeTax": "6082000000.00",
            "minorityInterest": "4500000.00",
            "netIncome": "4402000000.00",
            "sellingGeneralAdministrative": "659000000.00",
            "sellingAndMarketingExpenses": "233000000.00",
            "grossProfit": "10843000000.00",
            "reconciledDepreciation": "163250000.00",
            "ebit": "6051000000.00",
            "ebitda": "-254000000.00",
            "depreciationAndAmortization": "-6305000000.00",
            "nonOperatingIncomeNetOther": null,
            "operatingIncome": "6305000000.00",
            "otherOperatingExpenses": "4761000000.00",
            "interestExpense": "4636000000.00",
            "taxProvision": null,
            "interestIncome": null,
            "netInterestIncome": null,
            "extraordinaryItems": null,
            "nonRecurring": null,
            "otherItems": null,
            "incomeTaxExpense": "1649000000.00",
            "totalRevenue": "10843000000.00",
            "totalOperatingExpenses": "4761000000.00",
            "costOfRevenue": null,
            "totalOtherIncomeExpenseNet": "-223000000.00",
            "discontinuedOperations": null,
            "netIncomeFromContinuingOps": null,
            "netIncomeApplicableToCommonShares": null,
            "preferredStockAndOtherAdjustments": null
        },
        "2014-03-31": {
            "date": "2014-03-31",
            "filing_date": "2014-03-31",
            "currency_symbol": "AUD",
            "researchDevelopment": null,
            "effectOfAccountingCharges": null,
            "incomeBeforeTax": null,
            "minorityInterest": null,
            "netIncome": null,
            "sellingGeneralAdministrative": null,
            "sellingAndMarketingExpenses": null,
            "grossProfit": null,
            "reconciledDepreciation": null,
            "ebit": null,
            "ebitda": null,
            "depreciationAndAmortization": null,
            "nonOperatingIncomeNetOther": null,
            "operatingIncome": null,
            "otherOperatingExpenses": null,
            "interestExpense": null,
            "taxProvision": null,
            "interestIncome": null,
            "netInterestIncome": null,
            "extraordinaryItems": null,
            "nonRecurring": null,
            "otherItems": null,
            "incomeTaxExpense": null,
            "totalRevenue": null,
            "totalOperatingExpenses": null,
            "costOfRevenue": null,
            "totalOtherIncomeExpenseNet": null,
            "discontinuedOperations": null,
            "netIncomeFromContinuingOps": null,
            "netIncomeApplicableToCommonShares": null,
            "preferredStockAndOtherAdjustments": null
        },
        "2013-12-31": {
            "date": "2013-12-31",
            "filing_date": "2013-12-31",
            "currency_symbol": "AUD",
            "researchDevelopment": null,
            "effectOfAccountingCharges": null,
            "incomeBeforeTax": "5915000000.00",
            "minorityInterest": "5000000.00",
            "netIncome": "4184000000.00",
            "sellingGeneralAdministrative": "663000000.00",
            "sellingAndMarketingExpenses": "244000000.00",
            "grossProfit": "10727000000.00",
            "reconciledDepreciation": "163250000.00",
            "ebit": "5882000000.00",
            "ebitda": "-301000000.00",
            "depreciationAndAmortization": "-6183000000.00",
            "nonOperatingIncomeNetOther": null,
            "operatingIncome": "6183000000.00",
            "otherOperatingExpenses": "4812000000.00",
            "interestExpense": "4636000000.00",
            "taxProvision": null,
            "interestIncome": null,
            "netInterestIncome": null,
            "extraordinaryItems": null,
            "nonRecurring": null,
            "otherItems": null,
            "incomeTaxExpense": "1698000000.00",
            "totalRevenue": "10727000000.00",
            "totalOperatingExpenses": "4812000000.00",
            "costOfRevenue": null,
            "totalOtherIncomeExpenseNet": "-268000000.00",
            "discontinuedOperations": null,
            "netIncomeFromContinuingOps": null,
            "netIncomeApplicableToCommonShares": null,
            "preferredStockAndOtherAdjustments": null
        },
        "2013-09-30": {
            "date": "2013-09-30",
            "filing_date": "2013-09-30",
            "currency_symbol": "AUD",
            "researchDevelopment": null,
            "effectOfAccountingCharges": null,
            "incomeBeforeTax": null,
            "minorityInterest": null,
            "netIncome": null,
            "sellingGeneralAdministrative": null,
            "sellingAndMarketingExpenses": null,
            "grossProfit": null,
            "reconciledDepreciation": null,
            "ebit": null,
            "ebitda": null,
            "depreciationAndAmortization": null,
            "nonOperatingIncomeNetOther": null,
            "operatingIncome": null,
            "otherOperatingExpenses": null,
            "interestExpense": null,
            "taxProvision": null,
            "interestIncome": null,
            "netInterestIncome": null,
            "extraordinaryItems": null,
            "nonRecurring": null,
            "otherItems": null,
            "incomeTaxExpense": null,
            "totalRevenue": null,
            "totalOperatingExpenses": null,
            "costOfRevenue": null,
            "totalOtherIncomeExpenseNet": null,
            "discontinuedOperations": null,
            "netIncomeFromContinuingOps": null,
            "netIncomeApplicableToCommonShares": null,
            "preferredStockAndOtherAdjustments": null
        },
        "2013-06-30": {
            "date": "2013-06-30",
            "filing_date": "2013-06-30",
            "currency_symbol": "AUD",
            "researchDevelopment": null,
            "effectOfAccountingCharges": null,
            "incomeBeforeTax": "5520000000.00",
            "minorityInterest": "4000000.00",
            "netIncome": "3927000000.00",
            "sellingGeneralAdministrative": "2056000000.00",
            "sellingAndMarketingExpenses": "701000000.00",
            "grossProfit": "10086000000.00",
            "reconciledDepreciation": "178750000.00",
            "ebit": "16142000000.00",
            "ebitda": "5452000000.00",
            "depreciationAndAmortization": "-10690000000.00",
            "nonOperatingIncomeNetOther": null,
            "operatingIncome": "10690000000.00",
            "otherOperatingExpenses": "4566000000.00",
            "interestExpense": "5201250000.00",
            "taxProvision": null,
            "interestIncome": null,
            "netInterestIncome": null,
            "extraordinaryItems": null,
            "nonRecurring": null,
            "otherItems": null,
            "incomeTaxExpense": "1525000000.00",
            "totalRevenue": "10086000000.00",
            "totalOperatingExpenses": "-4566000000.00",
            "costOfRevenue": null,
            "totalOtherIncomeExpenseNet": "350000000.00",
            "discontinuedOperations": null,
            "netIncomeFromContinuingOps": null,
            "netIncomeApplicableToCommonShares": null,
            "preferredStockAndOtherAdjustments": null
        },
        "2013-03-31": {
            "date": "2013-03-31",
            "filing_date": "2013-03-31",
            "currency_symbol": "AUD",
            "researchDevelopment": null,
            "effectOfAccountingCharges": null,
            "incomeBeforeTax": null,
            "minorityInterest": null,
            "netIncome": null,
            "sellingGeneralAdministrative": null,
            "sellingAndMarketingExpenses": null,
            "grossProfit": null,
            "reconciledDepreciation": null,
            "ebit": null,
            "ebitda": null,
            "depreciationAndAmortization": null,
            "nonOperatingIncomeNetOther": null,
            "operatingIncome": null,
            "otherOperatingExpenses": null,
            "interestExpense": null,
            "taxProvision": null,
            "interestIncome": null,
            "netInterestIncome": null,
            "extraordinaryItems": null,
            "nonRecurring": null,
            "otherItems": null,
            "incomeTaxExpense": null,
            "totalRevenue": null,
            "totalOperatingExpenses": null,
            "costOfRevenue": null,
            "totalOtherIncomeExpenseNet": null,
            "discontinuedOperations": null,
            "netIncomeFromContinuingOps": null,
            "netIncomeApplicableToCommonShares": null,
            "preferredStockAndOtherAdjustments": null
        },
        "2012-12-31": {
            "date": "2012-12-31",
            "filing_date": "2012-12-31",
            "currency_symbol": "AUD",
            "researchDevelopment": null,
            "effectOfAccountingCharges": null,
            "incomeBeforeTax": "5125000000.00",
            "minorityInterest": "4000000.00",
            "netIncome": "3611000000.00",
            "sellingGeneralAdministrative": "676000000.00",
            "sellingAndMarketingExpenses": "225000000.00",
            "grossProfit": "9644000000.00",
            "reconciledDepreciation": "178750000.00",
            "ebit": "7879250000.00",
            "ebitda": "5097000000.00",
            "depreciationAndAmortization": "178750000.00",
            "nonOperatingIncomeNetOther": null,
            "operatingIncome": "5097000000.00",
            "otherOperatingExpenses": "4519000000.00",
            "interestExpense": "5201250000.00",
            "taxProvision": null,
            "interestIncome": null,
            "netInterestIncome": null,
            "extraordinaryItems": null,
            "nonRecurring": null,
            "otherItems": null,
            "incomeTaxExpense": "1486000000.00",
            "totalRevenue": "9644000000.00",
            "totalOperatingExpenses": "-4519000000.00",
            "costOfRevenue": null,
            "totalOtherIncomeExpenseNet": "28000000.00",
            "discontinuedOperations": null,
            "netIncomeFromContinuingOps": null,
            "netIncomeApplicableToCommonShares": null,
            "preferredStockAndOtherAdjustments": null
        },
        "2012-09-30": {
            "date": "2012-09-30",
            "filing_date": "2012-09-30",
            "currency_symbol": "AUD",
            "researchDevelopment": null,
            "effectOfAccountingCharges": null,
            "incomeBeforeTax": null,
            "minorityInterest": null,
            "netIncome": null,
            "sellingGeneralAdministrative": null,
            "sellingAndMarketingExpenses": null,
            "grossProfit": null,
            "reconciledDepreciation": null,
            "ebit": null,
            "ebitda": null,
            "depreciationAndAmortization": null,
            "nonOperatingIncomeNetOther": null,
            "operatingIncome": null,
            "otherOperatingExpenses": null,
            "interestExpense": null,
            "taxProvision": null,
            "interestIncome": null,
            "netInterestIncome": null,
            "extraordinaryItems": null,
            "nonRecurring": null,
            "otherItems": null,
            "incomeTaxExpense": null,
            "totalRevenue": null,
            "totalOperatingExpenses": null,
            "costOfRevenue": null,
            "totalOtherIncomeExpenseNet": null,
            "discontinuedOperations": null,
            "netIncomeFromContinuingOps": null,
            "netIncomeApplicableToCommonShares": null,
            "preferredStockAndOtherAdjustments": null
        },
        "2012-06-30": {
            "date": "2012-06-30",
            "filing_date": "2012-06-30",
            "currency_symbol": "AUD",
            "researchDevelopment": null,
            "effectOfAccountingCharges": null,
            "incomeBeforeTax": "2491000000.00",
            "minorityInterest": "3500000.00",
            "netIncome": "1772500000.00",
            "sellingGeneralAdministrative": "1432250000.00",
            "sellingAndMarketingExpenses": "114750000.00",
            "grossProfit": null,
            "reconciledDepreciation": "157000000.00",
            "ebit": "8771000000.00",
            "ebitda": "8928000000.00",
            "depreciationAndAmortization": "157000000.00",
            "nonOperatingIncomeNetOther": null,
            "operatingIncome": "2491000000.00",
            "otherOperatingExpenses": null,
            "interestExpense": "6284000000.00",
            "taxProvision": null,
            "interestIncome": null,
            "netInterestIncome": null,
            "extraordinaryItems": null,
            "nonRecurring": null,
            "otherItems": null,
            "incomeTaxExpense": "714500000.00",
            "totalRevenue": "4668750000.00",
            "totalOperatingExpenses": null,
            "costOfRevenue": null,
            "totalOtherIncomeExpenseNet": null,
            "discontinuedOperations": null,
            "netIncomeFromContinuingOps": null,
            "netIncomeApplicableToCommonShares": null,
            "preferredStockAndOtherAdjustments": null
        },
        "2012-03-31": {
            "date": "2012-03-31",
            "filing_date": "2012-03-31",
            "currency_symbol": "AUD",
            "researchDevelopment": null,
            "effectOfAccountingCharges": null,
            "incomeBeforeTax": null,
            "minorityInterest": null,
            "netIncome": null,
            "sellingGeneralAdministrative": null,
            "sellingAndMarketingExpenses": null,
            "grossProfit": null,
            "reconciledDepreciation": null,
            "ebit": null,
            "ebitda": null,
            "depreciationAndAmortization": null,
            "nonOperatingIncomeNetOther": null,
            "operatingIncome": null,
            "otherOperatingExpenses": null,
            "interestExpense": null,
            "taxProvision": null,
            "interestIncome": null,
            "netInterestIncome": null,
            "extraordinaryItems": null,
            "nonRecurring": null,
            "otherItems": null,
            "incomeTaxExpense": null,
            "totalRevenue": null,
            "totalOperatingExpenses": null,
            "costOfRevenue": null,
            "totalOtherIncomeExpenseNet": null,
            "discontinuedOperations": null,
            "netIncomeFromContinuingOps": null,
            "netIncomeApplicableToCommonShares": null,
            "preferredStockAndOtherAdjustments": null
        },
        "2011-12-31": {
            "date": "2011-12-31",
            "filing_date": "2012-01-31",
            "currency_symbol": "AUD",
            "researchDevelopment": null,
            "effectOfAccountingCharges": null,
            "incomeBeforeTax": "2491000000.00",
            "minorityInterest": "4500000.00",
            "netIncome": "1772500000.00",
            "sellingGeneralAdministrative": "1432250000.00",
            "sellingAndMarketingExpenses": "114750000.00",
            "grossProfit": null,
            "reconciledDepreciation": "157000000.00",
            "ebit": "8771000000.00",
            "ebitda": "8928000000.00",
            "depreciationAndAmortization": "157000000.00",
            "nonOperatingIncomeNetOther": null,
            "operatingIncome": "2491000000.00",
            "otherOperatingExpenses": null,
            "interestExpense": "6284000000.00",
            "taxProvision": null,
            "interestIncome": null,
            "netInterestIncome": null,
            "extraordinaryItems": null,
            "nonRecurring": null,
            "otherItems": null,
            "incomeTaxExpense": "714500000.00",
            "totalRevenue": "4668750000.00",
            "totalOperatingExpenses": null,
            "costOfRevenue": null,
            "totalOtherIncomeExpenseNet": null,
            "discontinuedOperations": null,
            "netIncomeFromContinuingOps": null,
            "netIncomeApplicableToCommonShares": null,
            "preferredStockAndOtherAdjustments": null
        },
        "2011-09-30": {
            "date": "2011-09-30",
            "filing_date": "2011-09-30",
            "currency_symbol": "AUD",
            "researchDevelopment": null,
            "effectOfAccountingCharges": null,
            "incomeBeforeTax": null,
            "minorityInterest": null,
            "netIncome": null,
            "sellingGeneralAdministrative": null,
            "sellingAndMarketingExpenses": null,
            "grossProfit": null,
            "reconciledDepreciation": null,
            "ebit": null,
            "ebitda": null,
            "depreciationAndAmortization": null,
            "nonOperatingIncomeNetOther": null,
            "operatingIncome": null,
            "otherOperatingExpenses": null,
            "interestExpense": null,
            "taxProvision": null,
            "interestIncome": null,
            "netInterestIncome": null,
            "extraordinaryItems": null,
            "nonRecurring": null,
            "otherItems": null,
            "incomeTaxExpense": null,
            "totalRevenue": null,
            "totalOperatingExpenses": null,
            "costOfRevenue": null,
            "totalOtherIncomeExpenseNet": null,
            "discontinuedOperations": null,
            "netIncomeFromContinuingOps": null,
            "netIncomeApplicableToCommonShares": null,
            "preferredStockAndOtherAdjustments": null
        },
        "2011-06-30": {
            "date": "2011-06-30",
            "filing_date": "2011-06-30",
            "currency_symbol": "AUD",
            "researchDevelopment": null,
            "effectOfAccountingCharges": null,
            "incomeBeforeTax": "2264250000.00",
            "minorityInterest": "3500000.00",
            "netIncome": "1598500000.00",
            "sellingGeneralAdministrative": "1399750000.00",
            "sellingAndMarketingExpenses": "114250000.00",
            "grossProfit": null,
            "reconciledDepreciation": "153250000.00",
            "ebit": "8434500000.00",
            "ebitda": "8587750000.00",
            "depreciationAndAmortization": "153250000.00",
            "nonOperatingIncomeNetOther": null,
            "operatingIncome": "2264250000.00",
            "otherOperatingExpenses": null,
            "interestExpense": "6174250000.00",
            "taxProvision": null,
            "interestIncome": null,
            "netInterestIncome": null,
            "extraordinaryItems": null,
            "nonRecurring": null,
            "otherItems": null,
            "incomeTaxExpense": "661750000.00",
            "totalRevenue": "4621750000.00",
            "totalOperatingExpenses": null,
            "costOfRevenue": null,
            "totalOtherIncomeExpenseNet": null,
            "discontinuedOperations": null,
            "netIncomeFromContinuingOps": null,
            "netIncomeApplicableToCommonShares": null,
            "preferredStockAndOtherAdjustments": null
        },
        "2011-03-31": {
            "date": "2011-03-31",
            "filing_date": "2011-03-31",
            "currency_symbol": "AUD",
            "researchDevelopment": null,
            "effectOfAccountingCharges": null,
            "incomeBeforeTax": null,
            "minorityInterest": null,
            "netIncome": null,
            "sellingGeneralAdministrative": null,
            "sellingAndMarketingExpenses": null,
            "grossProfit": null,
            "reconciledDepreciation": null,
            "ebit": null,
            "ebitda": null,
            "depreciationAndAmortization": null,
            "nonOperatingIncomeNetOther": null,
            "operatingIncome": null,
            "otherOperatingExpenses": null,
            "interestExpense": null,
            "taxProvision": null,
            "interestIncome": null,
            "netInterestIncome": null,
            "extraordinaryItems": null,
            "nonRecurring": null,
            "otherItems": null,
            "incomeTaxExpense": null,
            "totalRevenue": null,
            "totalOperatingExpenses": null,
            "costOfRevenue": null,
            "totalOtherIncomeExpenseNet": null,
            "discontinuedOperations": null,
            "netIncomeFromContinuingOps": null,
            "netIncomeApplicableToCommonShares": null,
            "preferredStockAndOtherAdjustments": null
        },
        "2010-12-31": {
            "date": "2010-12-31",
            "filing_date": "2011-01-31",
            "currency_symbol": "AUD",
            "researchDevelopment": null,
            "effectOfAccountingCharges": null,
            "incomeBeforeTax": "2264250000.00",
            "minorityInterest": "4500000.00",
            "netIncome": "1598500000.00",
            "sellingGeneralAdministrative": "1399750000.00",
            "sellingAndMarketingExpenses": "114250000.00",
            "grossProfit": null,
            "reconciledDepreciation": "153250000.00",
            "ebit": "8434500000.00",
            "ebitda": "8587750000.00",
            "depreciationAndAmortization": "153250000.00",
            "nonOperatingIncomeNetOther": null,
            "operatingIncome": "2264250000.00",
            "otherOperatingExpenses": null,
            "interestExpense": "6174250000.00",
            "taxProvision": null,
            "interestIncome": null,
            "netInterestIncome": null,
            "extraordinaryItems": null,
            "nonRecurring": null,
            "otherItems": null,
            "incomeTaxExpense": "661750000.00",
            "totalRevenue": "4621750000.00",
            "totalOperatingExpenses": null,
            "costOfRevenue": null,
            "totalOtherIncomeExpenseNet": null,
            "discontinuedOperations": null,
            "netIncomeFromContinuingOps": null,
            "netIncomeApplicableToCommonShares": null,
            "preferredStockAndOtherAdjustments": null
        },
        "2010-09-30": {
            "date": "2010-09-30",
            "filing_date": "2010-09-30",
            "currency_symbol": "AUD",
            "researchDevelopment": null,
            "effectOfAccountingCharges": null,
            "incomeBeforeTax": null,
            "minorityInterest": null,
            "netIncome": null,
            "sellingGeneralAdministrative": null,
            "sellingAndMarketingExpenses": null,
            "grossProfit": null,
            "reconciledDepreciation": null,
            "ebit": null,
            "ebitda": null,
            "depreciationAndAmortization": null,
            "nonOperatingIncomeNetOther": null,
            "operatingIncome": null,
            "otherOperatingExpenses": null,
            "interestExpense": null,
            "taxProvision": null,
            "interestIncome": null,
            "netInterestIncome": null,
            "extraordinaryItems": null,
            "nonRecurring": null,
            "otherItems": null,
            "incomeTaxExpense": null,
            "totalRevenue": null,
            "totalOperatingExpenses": null,
            "costOfRevenue": null,
            "totalOtherIncomeExpenseNet": null,
            "discontinuedOperations": null,
            "netIncomeFromContinuingOps": null,
            "netIncomeApplicableToCommonShares": null,
            "preferredStockAndOtherAdjustments": null
        },
        "2010-06-30": {
            "date": "2010-06-30",
            "filing_date": "2010-06-30",
            "currency_symbol": "AUD",
            "researchDevelopment": null,
            "effectOfAccountingCharges": null,
            "incomeBeforeTax": "2048250000.00",
            "minorityInterest": "3500000.00",
            "netIncome": "1416000000.00",
            "sellingGeneralAdministrative": "1330500000.00",
            "sellingAndMarketingExpenses": "99500000.00",
            "grossProfit": null,
            "reconciledDepreciation": "154500000.00",
            "ebit": "7117500000.00",
            "ebitda": "7272000000.00",
            "depreciationAndAmortization": "154500000.00",
            "nonOperatingIncomeNetOther": null,
            "operatingIncome": "2048250000.00",
            "otherOperatingExpenses": null,
            "interestExpense": "5073250000.00",
            "taxProvision": null,
            "interestIncome": null,
            "netInterestIncome": null,
            "extraordinaryItems": null,
            "nonRecurring": null,
            "otherItems": null,
            "incomeTaxExpense": "628250000.00",
            "totalRevenue": "4643250000.00",
            "totalOperatingExpenses": null,
            "costOfRevenue": null,
            "totalOtherIncomeExpenseNet": null,
            "discontinuedOperations": null,
            "netIncomeFromContinuingOps": null,
            "netIncomeApplicableToCommonShares": null,
            "preferredStockAndOtherAdjustments": null
        },
        "2010-03-31": {
            "date": "2010-03-31",
            "filing_date": "2010-03-31",
            "currency_symbol": "AUD",
            "researchDevelopment": null,
            "effectOfAccountingCharges": null,
            "incomeBeforeTax": null,
            "minorityInterest": null,
            "netIncome": null,
            "sellingGeneralAdministrative": null,
            "sellingAndMarketingExpenses": null,
            "grossProfit": null,
            "reconciledDepreciation": null,
            "ebit": null,
            "ebitda": null,
            "depreciationAndAmortization": null,
            "nonOperatingIncomeNetOther": null,
            "operatingIncome": null,
            "otherOperatingExpenses": null,
            "interestExpense": null,
            "taxProvision": null,
            "interestIncome": null,
            "netInterestIncome": null,
            "extraordinaryItems": null,
            "nonRecurring": null,
            "otherItems": null,
            "incomeTaxExpense": null,
            "totalRevenue": null,
            "totalOperatingExpenses": null,
            "costOfRevenue": null,
            "totalOtherIncomeExpenseNet": null,
            "discontinuedOperations": null,
            "netIncomeFromContinuingOps": null,
            "netIncomeApplicableToCommonShares": null,
            "preferredStockAndOtherAdjustments": null
        },
        "2009-12-31": {
            "date": "2009-12-31",
            "filing_date": "2010-01-31",
            "currency_symbol": "AUD",
            "researchDevelopment": null,
            "effectOfAccountingCharges": null,
            "incomeBeforeTax": "2048250000.00",
            "minorityInterest": "4500000.00",
            "netIncome": "1416000000.00",
            "sellingGeneralAdministrative": "1330500000.00",
            "sellingAndMarketingExpenses": "99500000.00",
            "grossProfit": null,
            "reconciledDepreciation": "154500000.00",
            "ebit": "7117500000.00",
            "ebitda": "7272000000.00",
            "depreciationAndAmortization": "154500000.00",
            "nonOperatingIncomeNetOther": null,
            "operatingIncome": "2048250000.00",
            "otherOperatingExpenses": null,
            "interestExpense": "5073250000.00",
            "taxProvision": null,
            "interestIncome": null,
            "netInterestIncome": null,
            "extraordinaryItems": null,
            "nonRecurring": null,
            "otherItems": null,
            "incomeTaxExpense": "628250000.00",
            "totalRevenue": "4643250000.00",
            "totalOperatingExpenses": null,
            "costOfRevenue": null,
            "totalOtherIncomeExpenseNet": null,
            "discontinuedOperations": null,
            "netIncomeFromContinuingOps": null,
            "netIncomeApplicableToCommonShares": null,
            "preferredStockAndOtherAdjustments": null
        },
        "2009-09-30": {
            "date": "2009-09-30",
            "filing_date": "2009-09-30",
            "currency_symbol": "AUD",
            "researchDevelopment": null,
            "effectOfAccountingCharges": null,
            "incomeBeforeTax": null,
            "minorityInterest": null,
            "netIncome": null,
            "sellingGeneralAdministrative": null,
            "sellingAndMarketingExpenses": null,
            "grossProfit": null,
            "reconciledDepreciation": null,
            "ebit": null,
            "ebitda": null,
            "depreciationAndAmortization": null,
            "nonOperatingIncomeNetOther": null,
            "operatingIncome": null,
            "otherOperatingExpenses": null,
            "interestExpense": null,
            "taxProvision": null,
            "interestIncome": null,
            "netInterestIncome": null,
            "extraordinaryItems": null,
            "nonRecurring": null,
            "otherItems": null,
            "incomeTaxExpense": null,
            "totalRevenue": null,
            "totalOperatingExpenses": null,
            "costOfRevenue": null,
            "totalOtherIncomeExpenseNet": null,
            "discontinuedOperations": null,
            "netIncomeFromContinuingOps": null,
            "netIncomeApplicableToCommonShares": null,
            "preferredStockAndOtherAdjustments": null
        },
        "2009-06-30": {
            "date": "2009-06-30",
            "filing_date": "2009-06-30",
            "currency_symbol": "AUD",
            "researchDevelopment": null,
            "effectOfAccountingCharges": null,
            "incomeBeforeTax": "1612250000.00",
            "minorityInterest": "7000000.00",
            "netIncome": "1180750000.00",
            "sellingGeneralAdministrative": "1175750000.00",
            "sellingAndMarketingExpenses": "118750000.00",
            "grossProfit": null,
            "reconciledDepreciation": "110250000.00",
            "ebit": "6909250000.00",
            "ebitda": "7019500000.00",
            "depreciationAndAmortization": "110250000.00",
            "nonOperatingIncomeNetOther": null,
            "operatingIncome": "1612250000.00",
            "otherOperatingExpenses": null,
            "interestExpense": "5304500000.00",
            "taxProvision": null,
            "interestIncome": null,
            "netInterestIncome": null,
            "extraordinaryItems": null,
            "nonRecurring": null,
            "otherItems": null,
            "incomeTaxExpense": "424000000.00",
            "totalRevenue": "3432250000.00",
            "totalOperatingExpenses": null,
            "costOfRevenue": null,
            "totalOtherIncomeExpenseNet": null,
            "discontinuedOperations": null,
            "netIncomeFromContinuingOps": null,
            "netIncomeApplicableToCommonShares": null,
            "preferredStockAndOtherAdjustments": null
        },
        "2009-03-31": {
            "date": "2009-03-31",
            "filing_date": "2009-03-31",
            "currency_symbol": "AUD",
            "researchDevelopment": null,
            "effectOfAccountingCharges": null,
            "incomeBeforeTax": null,
            "minorityInterest": null,
            "netIncome": null,
            "sellingGeneralAdministrative": null,
            "sellingAndMarketingExpenses": null,
            "grossProfit": null,
            "reconciledDepreciation": null,
            "ebit": null,
            "ebitda": null,
            "depreciationAndAmortization": null,
            "nonOperatingIncomeNetOther": null,
            "operatingIncome": null,
            "otherOperatingExpenses": null,
            "interestExpense": null,
            "taxProvision": null,
            "interestIncome": null,
            "netInterestIncome": null,
            "extraordinaryItems": null,
            "nonRecurring": null,
            "otherItems": null,
            "incomeTaxExpense": null,
            "totalRevenue": null,
            "totalOperatingExpenses": null,
            "costOfRevenue": null,
            "totalOtherIncomeExpenseNet": null,
            "discontinuedOperations": null,
            "netIncomeFromContinuingOps": null,
            "netIncomeApplicableToCommonShares": null,
            "preferredStockAndOtherAdjustments": null
        },
        "2008-12-31": {
            "date": "2008-12-31",
            "filing_date": "2009-01-31",
            "currency_symbol": "AUD",
            "researchDevelopment": null,
            "effectOfAccountingCharges": null,
            "incomeBeforeTax": "1612250000.00",
            "minorityInterest": "8000000.00",
            "netIncome": "1180750000.00",
            "sellingGeneralAdministrative": "1175750000.00",
            "sellingAndMarketingExpenses": "118750000.00",
            "grossProfit": null,
            "reconciledDepreciation": "110250000.00",
            "ebit": "6909250000.00",
            "ebitda": "7019500000.00",
            "depreciationAndAmortization": "110250000.00",
            "nonOperatingIncomeNetOther": null,
            "operatingIncome": "1612250000.00",
            "otherOperatingExpenses": null,
            "interestExpense": "5304500000.00",
            "taxProvision": null,
            "interestIncome": null,
            "netInterestIncome": null,
            "extraordinaryItems": null,
            "nonRecurring": null,
            "otherItems": null,
            "incomeTaxExpense": "424000000.00",
            "totalRevenue": "3432250000.00",
            "totalOperatingExpenses": null,
            "costOfRevenue": null,
            "totalOtherIncomeExpenseNet": null,
            "discontinuedOperations": null,
            "netIncomeFromContinuingOps": null,
            "netIncomeApplicableToCommonShares": null,
            "preferredStockAndOtherAdjustments": null
        },
        "2008-09-30": {
            "date": "2008-09-30",
            "filing_date": "2008-09-30",
            "currency_symbol": "AUD",
            "researchDevelopment": null,
            "effectOfAccountingCharges": null,
            "incomeBeforeTax": null,
            "minorityInterest": null,
            "netIncome": null,
            "sellingGeneralAdministrative": null,
            "sellingAndMarketingExpenses": null,
            "grossProfit": null,
            "reconciledDepreciation": null,
            "ebit": null,
            "ebitda": null,
            "depreciationAndAmortization": null,
            "nonOperatingIncomeNetOther": null,
            "operatingIncome": null,
            "otherOperatingExpenses": null,
            "interestExpense": null,
            "taxProvision": null,
            "interestIncome": null,
            "netInterestIncome": null,
            "extraordinaryItems": null,
            "nonRecurring": null,
            "otherItems": null,
            "incomeTaxExpense": null,
            "totalRevenue": null,
            "totalOperatingExpenses": null,
            "costOfRevenue": null,
            "totalOtherIncomeExpenseNet": null,
            "discontinuedOperations": null,
            "netIncomeFromContinuingOps": null,
            "netIncomeApplicableToCommonShares": null,
            "preferredStockAndOtherAdjustments": null
        },
        "2008-06-30": {
            "date": "2008-06-30",
            "filing_date": "2008-06-30",
            "currency_symbol": "AUD",
            "researchDevelopment": null,
            "effectOfAccountingCharges": null,
            "incomeBeforeTax": "1563750000.00",
            "minorityInterest": "8000000.00",
            "netIncome": "1197750000.00",
            "sellingGeneralAdministrative": "1070250000.00",
            "sellingAndMarketingExpenses": "87000000.00",
            "grossProfit": null,
            "reconciledDepreciation": "82000000.00",
            "ebit": "6887750000.00",
            "ebitda": "6969750000.00",
            "depreciationAndAmortization": "82000000.00",
            "nonOperatingIncomeNetOther": null,
            "operatingIncome": "1563750000.00",
            "otherOperatingExpenses": null,
            "interestExpense": "5331750000.00",
            "taxProvision": null,
            "interestIncome": null,
            "netInterestIncome": null,
            "extraordinaryItems": null,
            "nonRecurring": null,
            "otherItems": null,
            "incomeTaxExpense": "358250000.00",
            "totalRevenue": "2968750000.00",
            "totalOperatingExpenses": null,
            "costOfRevenue": null,
            "totalOtherIncomeExpenseNet": null,
            "discontinuedOperations": null,
            "netIncomeFromContinuingOps": null,
            "netIncomeApplicableToCommonShares": null,
            "preferredStockAndOtherAdjustments": null
        },
        "2008-03-31": {
            "date": "2008-03-31",
            "filing_date": "2008-03-31",
            "currency_symbol": "AUD",
            "researchDevelopment": null,
            "effectOfAccountingCharges": null,
            "incomeBeforeTax": null,
            "minorityInterest": null,
            "netIncome": null,
            "sellingGeneralAdministrative": null,
            "sellingAndMarketingExpenses": null,
            "grossProfit": null,
            "reconciledDepreciation": null,
            "ebit": null,
            "ebitda": null,
            "depreciationAndAmortization": null,
            "nonOperatingIncomeNetOther": null,
            "operatingIncome": null,
            "otherOperatingExpenses": null,
            "interestExpense": null,
            "taxProvision": null,
            "interestIncome": null,
            "netInterestIncome": null,
            "extraordinaryItems": null,
            "nonRecurring": null,
            "otherItems": null,
            "incomeTaxExpense": null,
            "totalRevenue": null,
            "totalOperatingExpenses": null,
            "costOfRevenue": null,
            "totalOtherIncomeExpenseNet": null,
            "discontinuedOperations": null,
            "netIncomeFromContinuingOps": null,
            "netIncomeApplicableToCommonShares": null,
            "preferredStockAndOtherAdjustments": null
        },
        "2007-12-31": {
            "date": "2007-12-31",
            "filing_date": "2008-01-31",
            "currency_symbol": "AUD",
            "researchDevelopment": null,
            "effectOfAccountingCharges": null,
            "incomeBeforeTax": "1563750000.00",
            "minorityInterest": "7500000.00",
            "netIncome": "1197750000.00",
            "sellingGeneralAdministrative": "1070250000.00",
            "sellingAndMarketingExpenses": "87000000.00",
            "grossProfit": null,
            "reconciledDepreciation": "82000000.00",
            "ebit": "6887750000.00",
            "ebitda": "6969750000.00",
            "depreciationAndAmortization": "82000000.00",
            "nonOperatingIncomeNetOther": null,
            "operatingIncome": "1563750000.00",
            "otherOperatingExpenses": null,
            "interestExpense": "5331750000.00",
            "taxProvision": null,
            "interestIncome": null,
            "netInterestIncome": null,
            "extraordinaryItems": null,
            "nonRecurring": null,
            "otherItems": null,
            "incomeTaxExpense": "358250000.00",
            "totalRevenue": "2968750000.00",
            "totalOperatingExpenses": null,
            "costOfRevenue": null,
            "totalOtherIncomeExpenseNet": null,
            "discontinuedOperations": null,
            "netIncomeFromContinuingOps": null,
            "netIncomeApplicableToCommonShares": null,
            "preferredStockAndOtherAdjustments": null
        },
        "2007-09-30": {
            "date": "2007-09-30",
            "filing_date": "2007-09-30",
            "currency_symbol": "AUD",
            "researchDevelopment": null,
            "effectOfAccountingCharges": null,
            "incomeBeforeTax": null,
            "minorityInterest": null,
            "netIncome": null,
            "sellingGeneralAdministrative": null,
            "sellingAndMarketingExpenses": null,
            "grossProfit": null,
            "reconciledDepreciation": null,
            "ebit": null,
            "ebitda": null,
            "depreciationAndAmortization": null,
            "nonOperatingIncomeNetOther": null,
            "operatingIncome": null,
            "otherOperatingExpenses": null,
            "interestExpense": null,
            "taxProvision": null,
            "interestIncome": null,
            "netInterestIncome": null,
            "extraordinaryItems": null,
            "nonRecurring": null,
            "otherItems": null,
            "incomeTaxExpense": null,
            "totalRevenue": null,
            "totalOperatingExpenses": null,
            "costOfRevenue": null,
            "totalOtherIncomeExpenseNet": null,
            "discontinuedOperations": null,
            "netIncomeFromContinuingOps": null,
            "netIncomeApplicableToCommonShares": null,
            "preferredStockAndOtherAdjustments": null
        },
        "2007-06-30": {
            "date": "2007-06-30",
            "filing_date": "2007-06-30",
            "currency_symbol": "AUD",
            "researchDevelopment": null,
            "effectOfAccountingCharges": null,
            "incomeBeforeTax": "1634500000.00",
            "minorityInterest": "7000000.00",
            "netIncome": "1117500000.00",
            "sellingGeneralAdministrative": "83500000.00",
            "sellingAndMarketingExpenses": "81500000.00",
            "grossProfit": null,
            "reconciledDepreciation": "67500000.00",
            "ebit": "5834250000.00",
            "ebitda": "5901750000.00",
            "depreciationAndAmortization": "67500000.00",
            "nonOperatingIncomeNetOther": null,
            "operatingIncome": "1634500000.00",
            "otherOperatingExpenses": null,
            "interestExpense": "4206500000.00",
            "taxProvision": null,
            "interestIncome": null,
            "netInterestIncome": null,
            "extraordinaryItems": null,
            "nonRecurring": null,
            "otherItems": null,
            "incomeTaxExpense": "510250000.00",
            "totalRevenue": "3739500000.00",
            "totalOperatingExpenses": null,
            "costOfRevenue": null,
            "totalOtherIncomeExpenseNet": null,
            "discontinuedOperations": null,
            "netIncomeFromContinuingOps": null,
            "netIncomeApplicableToCommonShares": null,
            "preferredStockAndOtherAdjustments": null
        },
        "2007-03-31": {
            "date": "2007-03-31",
            "filing_date": "2007-03-31",
            "currency_symbol": "AUD",
            "researchDevelopment": null,
            "effectOfAccountingCharges": null,
            "incomeBeforeTax": null,
            "minorityInterest": null,
            "netIncome": null,
            "sellingGeneralAdministrative": null,
            "sellingAndMarketingExpenses": null,
            "grossProfit": null,
            "reconciledDepreciation": null,
            "ebit": null,
            "ebitda": null,
            "depreciationAndAmortization": null,
            "nonOperatingIncomeNetOther": null,
            "operatingIncome": null,
            "otherOperatingExpenses": null,
            "interestExpense": null,
            "taxProvision": null,
            "interestIncome": null,
            "netInterestIncome": null,
            "extraordinaryItems": null,
            "nonRecurring": null,
            "otherItems": null,
            "incomeTaxExpense": null,
            "totalRevenue": null,
            "totalOperatingExpenses": null,
            "costOfRevenue": null,
            "totalOtherIncomeExpenseNet": null,
            "discontinuedOperations": null,
            "netIncomeFromContinuingOps": null,
            "netIncomeApplicableToCommonShares": null,
            "preferredStockAndOtherAdjustments": null
        },
        "2006-12-31": {
            "date": "2006-12-31",
            "filing_date": "2007-01-31",
            "currency_symbol": "AUD",
            "researchDevelopment": null,
            "effectOfAccountingCharges": null,
            "incomeBeforeTax": "1634500000.00",
            "minorityInterest": "6500000.00",
            "netIncome": "1117500000.00",
            "sellingGeneralAdministrative": "83500000.00",
            "sellingAndMarketingExpenses": "81500000.00",
            "grossProfit": null,
            "reconciledDepreciation": "67500000.00",
            "ebit": "5834250000.00",
            "ebitda": "5901750000.00",
            "depreciationAndAmortization": "67500000.00",
            "nonOperatingIncomeNetOther": null,
            "operatingIncome": "1634500000.00",
            "otherOperatingExpenses": null,
            "interestExpense": "4206500000.00",
            "taxProvision": null,
            "interestIncome": null,
            "netInterestIncome": null,
            "extraordinaryItems": null,
            "nonRecurring": null,
            "otherItems": null,
            "incomeTaxExpense": "510250000.00",
            "totalRevenue": "3739500000.00",
            "totalOperatingExpenses": null,
            "costOfRevenue": null,
            "totalOtherIncomeExpenseNet": null,
            "discontinuedOperations": null,
            "netIncomeFromContinuingOps": null,
            "netIncomeApplicableToCommonShares": null,
            "preferredStockAndOtherAdjustments": null
        },
        "2006-09-30": {
            "date": "2006-09-30",
            "filing_date": "2006-09-30",
            "currency_symbol": "AUD",
            "researchDevelopment": null,
            "effectOfAccountingCharges": null,
            "incomeBeforeTax": null,
            "minorityInterest": null,
            "netIncome": null,
            "sellingGeneralAdministrative": null,
            "sellingAndMarketingExpenses": null,
            "grossProfit": null,
            "reconciledDepreciation": null,
            "ebit": null,
            "ebitda": null,
            "depreciationAndAmortization": null,
            "nonOperatingIncomeNetOther": null,
            "operatingIncome": null,
            "otherOperatingExpenses": null,
            "interestExpense": null,
            "taxProvision": null,
            "interestIncome": null,
            "netInterestIncome": null,
            "extraordinaryItems": null,
            "nonRecurring": null,
            "otherItems": null,
            "incomeTaxExpense": null,
            "totalRevenue": null,
            "totalOperatingExpenses": null,
            "costOfRevenue": null,
            "totalOtherIncomeExpenseNet": null,
            "discontinuedOperations": null,
            "netIncomeFromContinuingOps": null,
            "netIncomeApplicableToCommonShares": null,
            "preferredStockAndOtherAdjustments": null
        },
        "2006-06-30": {
            "date": "2006-06-30",
            "filing_date": "2006-06-30",
            "currency_symbol": "AUD",
            "researchDevelopment": null,
            "effectOfAccountingCharges": null,
            "incomeBeforeTax": "1464750000.00",
            "minorityInterest": "13000000.00",
            "netIncome": "982000000.00",
            "sellingGeneralAdministrative": "853000000.00",
            "sellingAndMarketingExpenses": "76750000.00",
            "grossProfit": null,
            "reconciledDepreciation": "53250000.00",
            "ebit": "4768000000.00",
            "ebitda": "4821250000.00",
            "depreciationAndAmortization": "53250000.00",
            "nonOperatingIncomeNetOther": null,
            "operatingIncome": "1464750000.00",
            "otherOperatingExpenses": null,
            "interestExpense": "3311000000.00",
            "taxProvision": null,
            "interestIncome": null,
            "netInterestIncome": null,
            "extraordinaryItems": null,
            "nonRecurring": null,
            "otherItems": null,
            "incomeTaxExpense": "475000000.00",
            "totalRevenue": "3365250000.00",
            "totalOperatingExpenses": null,
            "costOfRevenue": null,
            "totalOtherIncomeExpenseNet": null,
            "discontinuedOperations": null,
            "netIncomeFromContinuingOps": null,
            "netIncomeApplicableToCommonShares": null,
            "preferredStockAndOtherAdjustments": null
        },
        "2006-03-31": {
            "date": "2006-03-31",
            "filing_date": "2006-03-31",
            "currency_symbol": "AUD",
            "researchDevelopment": null,
            "effectOfAccountingCharges": null,
            "incomeBeforeTax": null,
            "minorityInterest": null,
            "netIncome": null,
            "sellingGeneralAdministrative": null,
            "sellingAndMarketingExpenses": null,
            "grossProfit": null,
            "reconciledDepreciation": null,
            "ebit": null,
            "ebitda": null,
            "depreciationAndAmortization": null,
            "nonOperatingIncomeNetOther": null,
            "operatingIncome": null,
            "otherOperatingExpenses": null,
            "interestExpense": null,
            "taxProvision": null,
            "interestIncome": null,
            "netInterestIncome": null,
            "extraordinaryItems": null,
            "nonRecurring": null,
            "otherItems": null,
            "incomeTaxExpense": null,
            "totalRevenue": null,
            "totalOperatingExpenses": null,
            "costOfRevenue": null,
            "totalOtherIncomeExpenseNet": null,
            "discontinuedOperations": null,
            "netIncomeFromContinuingOps": null,
            "netIncomeApplicableToCommonShares": null,
            "preferredStockAndOtherAdjustments": null
        },
        "2005-12-31": {
            "date": "2005-12-31",
            "filing_date": "2006-01-31",
            "currency_symbol": "AUD",
            "researchDevelopment": null,
            "effectOfAccountingCharges": null,
            "incomeBeforeTax": "1464750000.00",
            "minorityInterest": null,
            "netIncome": "982000000.00",
            "sellingGeneralAdministrative": "853000000.00",
            "sellingAndMarketingExpenses": "76750000.00",
            "grossProfit": null,
            "reconciledDepreciation": "53250000.00",
            "ebit": "4768000000.00",
            "ebitda": "4821250000.00",
            "depreciationAndAmortization": "53250000.00",
            "nonOperatingIncomeNetOther": null,
            "operatingIncome": "1464750000.00",
            "otherOperatingExpenses": null,
            "interestExpense": "3311000000.00",
            "taxProvision": null,
            "interestIncome": null,
            "netInterestIncome": null,
            "extraordinaryItems": null,
            "nonRecurring": null,
            "otherItems": null,
            "incomeTaxExpense": "475000000.00",
            "totalRevenue": "3365250000.00",
            "totalOperatingExpenses": null,
            "costOfRevenue": null,
            "totalOtherIncomeExpenseNet": null,
            "discontinuedOperations": null,
            "netIncomeFromContinuingOps": null,
            "netIncomeApplicableToCommonShares": null,
            "preferredStockAndOtherAdjustments": null
        },
        "2005-09-30": {
            "date": "2005-09-30",
            "filing_date": "2005-09-30",
            "currency_symbol": "AUD",
            "researchDevelopment": null,
            "effectOfAccountingCharges": null,
            "incomeBeforeTax": null,
            "minorityInterest": null,
            "netIncome": null,
            "sellingGeneralAdministrative": null,
            "sellingAndMarketingExpenses": null,
            "grossProfit": null,
            "reconciledDepreciation": null,
            "ebit": null,
            "ebitda": null,
            "depreciationAndAmortization": null,
            "nonOperatingIncomeNetOther": null,
            "operatingIncome": null,
            "otherOperatingExpenses": null,
            "interestExpense": null,
            "taxProvision": null,
            "interestIncome": null,
            "netInterestIncome": null,
            "extraordinaryItems": null,
            "nonRecurring": null,
            "otherItems": null,
            "incomeTaxExpense": null,
            "totalRevenue": null,
            "totalOperatingExpenses": null,
            "costOfRevenue": null,
            "totalOtherIncomeExpenseNet": null,
            "discontinuedOperations": null,
            "netIncomeFromContinuingOps": null,
            "netIncomeApplicableToCommonShares": null,
            "preferredStockAndOtherAdjustments": null
        },
        "2005-06-30": {
            "date": "2005-06-30",
            "filing_date": "2005-06-30",
            "currency_symbol": "AUD",
            "researchDevelopment": null,
            "effectOfAccountingCharges": null,
            "incomeBeforeTax": "1409500000.00",
            "minorityInterest": null,
            "netIncome": "-2500000.00",
            "sellingGeneralAdministrative": "811000000.00",
            "sellingAndMarketingExpenses": "72000000.00",
            "grossProfit": null,
            "reconciledDepreciation": "81250000.00",
            "ebit": "3964000000.00",
            "ebitda": "4045250000.00",
            "depreciationAndAmortization": "81250000.00",
            "nonOperatingIncomeNetOther": null,
            "operatingIncome": "1409500000.00",
            "otherOperatingExpenses": null,
            "interestExpense": "2557000000.00",
            "taxProvision": null,
            "interestIncome": null,
            "netInterestIncome": null,
            "extraordinaryItems": null,
            "nonRecurring": null,
            "otherItems": null,
            "incomeTaxExpense": "1409500000.00",
            "totalRevenue": "2731250000.00",
            "totalOperatingExpenses": null,
            "costOfRevenue": null,
            "totalOtherIncomeExpenseNet": null,
            "discontinuedOperations": null,
            "netIncomeFromContinuingOps": null,
            "netIncomeApplicableToCommonShares": null,
            "preferredStockAndOtherAdjustments": null
        },
        "2005-03-31": {
            "date": "2005-03-31",
            "filing_date": "2005-03-31",
            "currency_symbol": "AUD",
            "researchDevelopment": null,
            "effectOfAccountingCharges": null,
            "incomeBeforeTax": null,
            "minorityInterest": null,
            "netIncome": null,
            "sellingGeneralAdministrative": null,
            "sellingAndMarketingExpenses": null,
            "grossProfit": null,
            "reconciledDepreciation": null,
            "ebit": null,
            "ebitda": null,
            "depreciationAndAmortization": null,
            "nonOperatingIncomeNetOther": null,
            "operatingIncome": null,
            "otherOperatingExpenses": null,
            "interestExpense": null,
            "taxProvision": null,
            "interestIncome": null,
            "netInterestIncome": null,
            "extraordinaryItems": null,
            "nonRecurring": null,
            "otherItems": null,
            "incomeTaxExpense": null,
            "totalRevenue": null,
            "totalOperatingExpenses": null,
            "costOfRevenue": null,
            "totalOtherIncomeExpenseNet": null,
            "discontinuedOperations": null,
            "netIncomeFromContinuingOps": null,
            "netIncomeApplicableToCommonShares": null,
            "preferredStockAndOtherAdjustments": null
        },
        "2004-12-31": {
            "date": "2004-12-31",
            "filing_date": "2005-01-31",
            "currency_symbol": "AUD",
            "researchDevelopment": null,
            "effectOfAccountingCharges": null,
            "incomeBeforeTax": "1409500000.00",
            "minorityInterest": null,
            "netIncome": "-2500000.00",
            "sellingGeneralAdministrative": "811000000.00",
            "sellingAndMarketingExpenses": "72000000.00",
            "grossProfit": null,
            "reconciledDepreciation": "81250000.00",
            "ebit": "3964000000.00",
            "ebitda": "4045250000.00",
            "depreciationAndAmortization": "81250000.00",
            "nonOperatingIncomeNetOther": null,
            "operatingIncome": "1409500000.00",
            "otherOperatingExpenses": null,
            "interestExpense": "2557000000.00",
            "taxProvision": null,
            "interestIncome": null,
            "netInterestIncome": null,
            "extraordinaryItems": null,
            "nonRecurring": null,
            "otherItems": null,
            "incomeTaxExpense": "1409500000.00",
            "totalRevenue": "2731250000.00",
            "totalOperatingExpenses": null,
            "costOfRevenue": null,
            "totalOtherIncomeExpenseNet": null,
            "discontinuedOperations": null,
            "netIncomeFromContinuingOps": null,
            "netIncomeApplicableToCommonShares": null,
            "preferredStockAndOtherAdjustments": null
        },
        "2004-09-30": {
            "date": "2004-09-30",
            "filing_date": "2004-09-30",
            "currency_symbol": "AUD",
            "researchDevelopment": null,
            "effectOfAccountingCharges": null,
            "incomeBeforeTax": null,
            "minorityInterest": null,
            "netIncome": null,
            "sellingGeneralAdministrative": null,
            "sellingAndMarketingExpenses": null,
            "grossProfit": null,
            "reconciledDepreciation": null,
            "ebit": null,
            "ebitda": null,
            "depreciationAndAmortization": null,
            "nonOperatingIncomeNetOther": null,
            "operatingIncome": null,
            "otherOperatingExpenses": null,
            "interestExpense": null,
            "taxProvision": null,
            "interestIncome": null,
            "netInterestIncome": null,
            "extraordinaryItems": null,
            "nonRecurring": null,
            "otherItems": null,
            "incomeTaxExpense": null,
            "totalRevenue": null,
            "totalOperatingExpenses": null,
            "costOfRevenue": null,
            "totalOtherIncomeExpenseNet": null,
            "discontinuedOperations": null,
            "netIncomeFromContinuingOps": null,
            "netIncomeApplicableToCommonShares": null,
            "preferredStockAndOtherAdjustments": null
        },
        "2004-06-30": {
            "date": "2004-06-30",
            "filing_date": "2004-06-30",
            "currency_symbol": "AUD",
            "researchDevelopment": null,
            "effectOfAccountingCharges": null,
            "incomeBeforeTax": "960750000.00",
            "minorityInterest": null,
            "netIncome": "-2250000.00",
            "sellingGeneralAdministrative": "689000000.00",
            "sellingAndMarketingExpenses": null,
            "grossProfit": null,
            "reconciledDepreciation": "112500000.00",
            "ebit": "2927750000.00",
            "ebitda": "3040250000.00",
            "depreciationAndAmortization": "112500000.00",
            "nonOperatingIncomeNetOther": null,
            "operatingIncome": "960750000.00",
            "otherOperatingExpenses": null,
            "interestExpense": "1969250000.00",
            "taxProvision": null,
            "interestIncome": null,
            "netInterestIncome": null,
            "extraordinaryItems": null,
            "nonRecurring": null,
            "otherItems": null,
            "incomeTaxExpense": "960750000.00",
            "totalRevenue": "1895750000.00",
            "totalOperatingExpenses": null,
            "costOfRevenue": null,
            "totalOtherIncomeExpenseNet": null,
            "discontinuedOperations": null,
            "netIncomeFromContinuingOps": null,
            "netIncomeApplicableToCommonShares": null,
            "preferredStockAndOtherAdjustments": null
        },
        "2004-03-31": {
            "date": "2004-03-31",
            "filing_date": "2004-03-31",
            "currency_symbol": "AUD",
            "researchDevelopment": null,
            "effectOfAccountingCharges": null,
            "incomeBeforeTax": null,
            "minorityInterest": null,
            "netIncome": null,
            "sellingGeneralAdministrative": null,
            "sellingAndMarketingExpenses": null,
            "grossProfit": null,
            "reconciledDepreciation": null,
            "ebit": null,
            "ebitda": null,
            "depreciationAndAmortization": null,
            "nonOperatingIncomeNetOther": null,
            "operatingIncome": null,
            "otherOperatingExpenses": null,
            "interestExpense": null,
            "taxProvision": null,
            "interestIncome": null,
            "netInterestIncome": null,
            "extraordinaryItems": null,
            "nonRecurring": null,
            "otherItems": null,
            "incomeTaxExpense": null,
            "totalRevenue": null,
            "totalOperatingExpenses": null,
            "costOfRevenue": null,
            "totalOtherIncomeExpenseNet": null,
            "discontinuedOperations": null,
            "netIncomeFromContinuingOps": null,
            "netIncomeApplicableToCommonShares": null,
            "preferredStockAndOtherAdjustments": null
        },
        "2003-12-31": {
            "date": "2003-12-31",
            "filing_date": "2004-01-31",
            "currency_symbol": "AUD",
            "researchDevelopment": null,
            "effectOfAccountingCharges": null,
            "incomeBeforeTax": "960750000.00",
            "minorityInterest": null,
            "netIncome": "-2250000.00",
            "sellingGeneralAdministrative": "689000000.00",
            "sellingAndMarketingExpenses": null,
            "grossProfit": null,
            "reconciledDepreciation": "112500000.00",
            "ebit": "2927750000.00",
            "ebitda": "3040250000.00",
            "depreciationAndAmortization": "112500000.00",
            "nonOperatingIncomeNetOther": null,
            "operatingIncome": "960750000.00",
            "otherOperatingExpenses": null,
            "interestExpense": "1969250000.00",
            "taxProvision": null,
            "interestIncome": null,
            "netInterestIncome": null,
            "extraordinaryItems": null,
            "nonRecurring": null,
            "otherItems": null,
            "incomeTaxExpense": "960750000.00",
            "totalRevenue": "1895750000.00",
            "totalOperatingExpenses": null,
            "costOfRevenue": null,
            "totalOtherIncomeExpenseNet": null,
            "discontinuedOperations": null,
            "netIncomeFromContinuingOps": null,
            "netIncomeApplicableToCommonShares": null,
            "preferredStockAndOtherAdjustments": null
        },
        "2003-09-30": {
            "date": "2003-09-30",
            "filing_date": "2003-09-30",
            "currency_symbol": "AUD",
            "researchDevelopment": null,
            "effectOfAccountingCharges": null,
            "incomeBeforeTax": null,
            "minorityInterest": null,
            "netIncome": null,
            "sellingGeneralAdministrative": null,
            "sellingAndMarketingExpenses": null,
            "grossProfit": null,
            "reconciledDepreciation": null,
            "ebit": null,
            "ebitda": null,
            "depreciationAndAmortization": null,
            "nonOperatingIncomeNetOther": null,
            "operatingIncome": null,
            "otherOperatingExpenses": null,
            "interestExpense": null,
            "taxProvision": null,
            "interestIncome": null,
            "netInterestIncome": null,
            "extraordinaryItems": null,
            "nonRecurring": null,
            "otherItems": null,
            "incomeTaxExpense": null,
            "totalRevenue": null,
            "totalOperatingExpenses": null,
            "costOfRevenue": null,
            "totalOtherIncomeExpenseNet": null,
            "discontinuedOperations": null,
            "netIncomeFromContinuingOps": null,
            "netIncomeApplicableToCommonShares": null,
            "preferredStockAndOtherAdjustments": null
        },
        "2003-06-30": {
            "date": "2003-06-30",
            "filing_date": "2003-06-30",
            "currency_symbol": "AUD",
            "researchDevelopment": null,
            "effectOfAccountingCharges": null,
            "incomeBeforeTax": "744000000.00",
            "minorityInterest": null,
            "netIncome": "-1500000.00",
            "sellingGeneralAdministrative": "752750000.00",
            "sellingAndMarketingExpenses": "69000000.00",
            "grossProfit": null,
            "reconciledDepreciation": "132000000.00",
            "ebit": "2368000000.00",
            "ebitda": "2500000000.00",
            "depreciationAndAmortization": "132000000.00",
            "nonOperatingIncomeNetOther": null,
            "operatingIncome": null,
            "otherOperatingExpenses": null,
            "interestExpense": "1625500000.00",
            "taxProvision": null,
            "interestIncome": null,
            "netInterestIncome": null,
            "extraordinaryItems": null,
            "nonRecurring": null,
            "otherItems": null,
            "incomeTaxExpense": "744000000.00",
            "totalRevenue": "1921000000.00",
            "totalOperatingExpenses": null,
            "costOfRevenue": null,
            "totalOtherIncomeExpenseNet": null,
            "discontinuedOperations": null,
            "netIncomeFromContinuingOps": null,
            "netIncomeApplicableToCommonShares": null,
            "preferredStockAndOtherAdjustments": null
        },
        "2003-03-31": {
            "date": "2003-03-31",
            "filing_date": "2003-03-31",
            "currency_symbol": "AUD",
            "researchDevelopment": null,
            "effectOfAccountingCharges": null,
            "incomeBeforeTax": null,
            "minorityInterest": null,
            "netIncome": null,
            "sellingGeneralAdministrative": null,
            "sellingAndMarketingExpenses": null,
            "grossProfit": null,
            "reconciledDepreciation": null,
            "ebit": null,
            "ebitda": null,
            "depreciationAndAmortization": null,
            "nonOperatingIncomeNetOther": null,
            "operatingIncome": null,
            "otherOperatingExpenses": null,
            "interestExpense": null,
            "taxProvision": null,
            "interestIncome": null,
            "netInterestIncome": null,
            "extraordinaryItems": null,
            "nonRecurring": null,
            "otherItems": null,
            "incomeTaxExpense": null,
            "totalRevenue": null,
            "totalOperatingExpenses": null,
            "costOfRevenue": null,
            "totalOtherIncomeExpenseNet": null,
            "discontinuedOperations": null,
            "netIncomeFromContinuingOps": null,
            "netIncomeApplicableToCommonShares": null,
            "preferredStockAndOtherAdjustments": null
        },
        "2002-12-31": {
            "date": "2002-12-31",
            "filing_date": "2003-01-31",
            "currency_symbol": "AUD",
            "researchDevelopment": null,
            "effectOfAccountingCharges": null,
            "incomeBeforeTax": "744000000.00",
            "minorityInterest": null,
            "netIncome": "-1500000.00",
            "sellingGeneralAdministrative": "752750000.00",
            "sellingAndMarketingExpenses": "69000000.00",
            "grossProfit": null,
            "reconciledDepreciation": "132000000.00",
            "ebit": "2368000000.00",
            "ebitda": "2500000000.00",
            "depreciationAndAmortization": "132000000.00",
            "nonOperatingIncomeNetOther": null,
            "operatingIncome": null,
            "otherOperatingExpenses": null,
            "interestExpense": "1625500000.00",
            "taxProvision": null,
            "interestIncome": null,
            "netInterestIncome": null,
            "extraordinaryItems": null,
            "nonRecurring": null,
            "otherItems": null,
            "incomeTaxExpense": "744000000.00",
            "totalRevenue": "1921000000.00",
            "totalOperatingExpenses": null,
            "costOfRevenue": null,
            "totalOtherIncomeExpenseNet": null,
            "discontinuedOperations": null,
            "netIncomeFromContinuingOps": null,
            "netIncomeApplicableToCommonShares": null,
            "preferredStockAndOtherAdjustments": null
        },
        "2002-09-30": {
            "date": "2002-09-30",
            "filing_date": "2002-09-30",
            "currency_symbol": "AUD",
            "researchDevelopment": null,
            "effectOfAccountingCharges": null,
            "incomeBeforeTax": null,
            "minorityInterest": null,
            "netIncome": null,
            "sellingGeneralAdministrative": null,
            "sellingAndMarketingExpenses": null,
            "grossProfit": null,
            "reconciledDepreciation": null,
            "ebit": null,
            "ebitda": null,
            "depreciationAndAmortization": null,
            "nonOperatingIncomeNetOther": null,
            "operatingIncome": null,
            "otherOperatingExpenses": null,
            "interestExpense": null,
            "taxProvision": null,
            "interestIncome": null,
            "netInterestIncome": null,
            "extraordinaryItems": null,
            "nonRecurring": null,
            "otherItems": null,
            "incomeTaxExpense": null,
            "totalRevenue": null,
            "totalOperatingExpenses": null,
            "costOfRevenue": null,
            "totalOtherIncomeExpenseNet": null,
            "discontinuedOperations": null,
            "netIncomeFromContinuingOps": null,
            "netIncomeApplicableToCommonShares": null,
            "preferredStockAndOtherAdjustments": null
        },
        "2002-06-30": {
            "date": "2002-06-30",
            "filing_date": "2002-06-30",
            "currency_symbol": "AUD",
            "researchDevelopment": null,
            "effectOfAccountingCharges": null,
            "incomeBeforeTax": "893000000.00",
            "minorityInterest": null,
            "netIncome": "-250000.00",
            "sellingGeneralAdministrative": "678500000.00",
            "sellingAndMarketingExpenses": "64000000.00",
            "grossProfit": null,
            "reconciledDepreciation": "112750000.00",
            "ebit": "2329000000.00",
            "ebitda": "2441750000.00",
            "depreciationAndAmortization": "112750000.00",
            "nonOperatingIncomeNetOther": null,
            "operatingIncome": "893000000.00",
            "otherOperatingExpenses": null,
            "interestExpense": "1436250000.00",
            "taxProvision": null,
            "interestIncome": null,
            "netInterestIncome": null,
            "extraordinaryItems": null,
            "nonRecurring": null,
            "otherItems": null,
            "incomeTaxExpense": "893000000.00",
            "totalRevenue": "1025250000.00",
            "totalOperatingExpenses": null,
            "costOfRevenue": null,
            "totalOtherIncomeExpenseNet": null,
            "discontinuedOperations": null,
            "netIncomeFromContinuingOps": null,
            "netIncomeApplicableToCommonShares": null,
            "preferredStockAndOtherAdjustments": null
        },
        "2002-03-31": {
            "date": "2002-03-31",
            "filing_date": "2002-03-31",
            "currency_symbol": "AUD",
            "researchDevelopment": null,
            "effectOfAccountingCharges": null,
            "incomeBeforeTax": null,
            "minorityInterest": null,
            "netIncome": null,
            "sellingGeneralAdministrative": null,
            "sellingAndMarketingExpenses": null,
            "grossProfit": null,
            "reconciledDepreciation": null,
            "ebit": null,
            "ebitda": null,
            "depreciationAndAmortization": null,
            "nonOperatingIncomeNetOther": null,
            "operatingIncome": null,
            "otherOperatingExpenses": null,
            "interestExpense": null,
            "taxProvision": null,
            "interestIncome": null,
            "netInterestIncome": null,
            "extraordinaryItems": null,
            "nonRecurring": null,
            "otherItems": null,
            "incomeTaxExpense": null,
            "totalRevenue": null,
            "totalOperatingExpenses": null,
            "costOfRevenue": null,
            "totalOtherIncomeExpenseNet": null,
            "discontinuedOperations": null,
            "netIncomeFromContinuingOps": null,
            "netIncomeApplicableToCommonShares": null,
            "preferredStockAndOtherAdjustments": null
        },
        "2001-12-31": {
            "date": "2001-12-31",
            "filing_date": "2002-01-31",
            "currency_symbol": "AUD",
            "researchDevelopment": null,
            "effectOfAccountingCharges": null,
            "incomeBeforeTax": "893000000.00",
            "minorityInterest": null,
            "netIncome": "-250000.00",
            "sellingGeneralAdministrative": "678500000.00",
            "sellingAndMarketingExpenses": "64000000.00",
            "grossProfit": null,
            "reconciledDepreciation": "112750000.00",
            "ebit": "2329000000.00",
            "ebitda": "2441750000.00",
            "depreciationAndAmortization": "112750000.00",
            "nonOperatingIncomeNetOther": null,
            "operatingIncome": "893000000.00",
            "otherOperatingExpenses": null,
            "interestExpense": "1436250000.00",
            "taxProvision": null,
            "interestIncome": null,
            "netInterestIncome": null,
            "extraordinaryItems": null,
            "nonRecurring": null,
            "otherItems": null,
            "incomeTaxExpense": "893000000.00",
            "totalRevenue": "1025250000.00",
            "totalOperatingExpenses": null,
            "costOfRevenue": null,
            "totalOtherIncomeExpenseNet": null,
            "discontinuedOperations": null,
            "netIncomeFromContinuingOps": null,
            "netIncomeApplicableToCommonShares": null,
            "preferredStockAndOtherAdjustments": null
        },
        "2001-09-30": {
            "date": "2001-09-30",
            "filing_date": "2001-09-30",
            "currency_symbol": "AUD",
            "researchDevelopment": null,
            "effectOfAccountingCharges": null,
            "incomeBeforeTax": null,
            "minorityInterest": null,
            "netIncome": null,
            "sellingGeneralAdministrative": null,
            "sellingAndMarketingExpenses": null,
            "grossProfit": null,
            "reconciledDepreciation": null,
            "ebit": null,
            "ebitda": null,
            "depreciationAndAmortization": null,
            "nonOperatingIncomeNetOther": null,
            "operatingIncome": null,
            "otherOperatingExpenses": null,
            "interestExpense": null,
            "taxProvision": null,
            "interestIncome": null,
            "netInterestIncome": null,
            "extraordinaryItems": null,
            "nonRecurring": null,
            "otherItems": null,
            "incomeTaxExpense": null,
            "totalRevenue": null,
            "totalOperatingExpenses": null,
            "costOfRevenue": null,
            "totalOtherIncomeExpenseNet": null,
            "discontinuedOperations": null,
            "netIncomeFromContinuingOps": null,
            "netIncomeApplicableToCommonShares": null,
            "preferredStockAndOtherAdjustments": null
        },
        "2001-06-30": {
            "date": "2001-06-30",
            "filing_date": "2001-06-30",
            "currency_symbol": "AUD",
            "researchDevelopment": null,
            "effectOfAccountingCharges": null,
            "incomeBeforeTax": "851250000.00",
            "minorityInterest": null,
            "netIncome": "-3500000.00",
            "sellingGeneralAdministrative": "538500000.00",
            "sellingAndMarketingExpenses": "133750000.00",
            "grossProfit": null,
            "reconciledDepreciation": "122000000.00",
            "ebit": "2704250000.00",
            "ebitda": "2826250000.00",
            "depreciationAndAmortization": "122000000.00",
            "nonOperatingIncomeNetOther": null,
            "operatingIncome": "851250000.00",
            "otherOperatingExpenses": null,
            "interestExpense": "1856500000.00",
            "taxProvision": null,
            "interestIncome": null,
            "netInterestIncome": null,
            "extraordinaryItems": null,
            "nonRecurring": null,
            "otherItems": null,
            "incomeTaxExpense": "851250000.00",
            "totalRevenue": "1428500000.00",
            "totalOperatingExpenses": null,
            "costOfRevenue": null,
            "totalOtherIncomeExpenseNet": null,
            "discontinuedOperations": null,
            "netIncomeFromContinuingOps": null,
            "netIncomeApplicableToCommonShares": null,
            "preferredStockAndOtherAdjustments": null
        },
        "2001-03-31": {
            "date": "2001-03-31",
            "filing_date": "2001-03-31",
            "currency_symbol": "AUD",
            "researchDevelopment": null,
            "effectOfAccountingCharges": null,
            "incomeBeforeTax": null,
            "minorityInterest": null,
            "netIncome": null,
            "sellingGeneralAdministrative": null,
            "sellingAndMarketingExpenses": null,
            "grossProfit": null,
            "reconciledDepreciation": null,
            "ebit": null,
            "ebitda": null,
            "depreciationAndAmortization": null,
            "nonOperatingIncomeNetOther": null,
            "operatingIncome": null,
            "otherOperatingExpenses": null,
            "interestExpense": null,
            "taxProvision": null,
            "interestIncome": null,
            "netInterestIncome": null,
            "extraordinaryItems": null,
            "nonRecurring": null,
            "otherItems": null,
            "incomeTaxExpense": null,
            "totalRevenue": null,
            "totalOperatingExpenses": null,
            "costOfRevenue": null,
            "totalOtherIncomeExpenseNet": null,
            "discontinuedOperations": null,
            "netIncomeFromContinuingOps": null,
            "netIncomeApplicableToCommonShares": null,
            "preferredStockAndOtherAdjustments": null
        },
        "2000-12-31": {
            "date": "2000-12-31",
            "filing_date": "2001-01-31",
            "currency_symbol": "AUD",
            "researchDevelopment": null,
            "effectOfAccountingCharges": null,
            "incomeBeforeTax": "851250000.00",
            "minorityInterest": null,
            "netIncome": "-3500000.00",
            "sellingGeneralAdministrative": "538500000.00",
            "sellingAndMarketingExpenses": "133750000.00",
            "grossProfit": null,
            "reconciledDepreciation": "122000000.00",
            "ebit": "2704250000.00",
            "ebitda": "2826250000.00",
            "depreciationAndAmortization": "122000000.00",
            "nonOperatingIncomeNetOther": null,
            "operatingIncome": "851250000.00",
            "otherOperatingExpenses": null,
            "interestExpense": "1856500000.00",
            "taxProvision": null,
            "interestIncome": null,
            "netInterestIncome": null,
            "extraordinaryItems": null,
            "nonRecurring": null,
            "otherItems": null,
            "incomeTaxExpense": "851250000.00",
            "totalRevenue": "1428500000.00",
            "totalOperatingExpenses": null,
            "costOfRevenue": null,
            "totalOtherIncomeExpenseNet": null,
            "discontinuedOperations": null,
            "netIncomeFromContinuingOps": null,
            "netIncomeApplicableToCommonShares": null,
            "preferredStockAndOtherAdjustments": null
        },
        "2000-09-30": {
            "date": "2000-09-30",
            "filing_date": "2000-09-30",
            "currency_symbol": "AUD",
            "researchDevelopment": null,
            "effectOfAccountingCharges": null,
            "incomeBeforeTax": null,
            "minorityInterest": null,
            "netIncome": null,
            "sellingGeneralAdministrative": null,
            "sellingAndMarketingExpenses": null,
            "grossProfit": null,
            "reconciledDepreciation": null,
            "ebit": null,
            "ebitda": null,
            "depreciationAndAmortization": null,
            "nonOperatingIncomeNetOther": null,
            "operatingIncome": null,
            "otherOperatingExpenses": null,
            "interestExpense": null,
            "taxProvision": null,
            "interestIncome": null,
            "netInterestIncome": null,
            "extraordinaryItems": null,
            "nonRecurring": null,
            "otherItems": null,
            "incomeTaxExpense": null,
            "totalRevenue": null,
            "totalOperatingExpenses": null,
            "costOfRevenue": null,
            "totalOtherIncomeExpenseNet": null,
            "discontinuedOperations": null,
            "netIncomeFromContinuingOps": null,
            "netIncomeApplicableToCommonShares": null,
            "preferredStockAndOtherAdjustments": null
        },
        "2000-06-30": {
            "date": "2000-06-30",
            "filing_date": "2000-06-30",
            "currency_symbol": "AUD",
            "researchDevelopment": null,
            "effectOfAccountingCharges": null,
            "incomeBeforeTax": "884500000.00",
            "minorityInterest": null,
            "netIncome": "-9500000.00",
            "sellingGeneralAdministrative": null,
            "sellingAndMarketingExpenses": null,
            "grossProfit": null,
            "reconciledDepreciation": null,
            "ebit": null,
            "ebitda": "2155750000.00",
            "depreciationAndAmortization": null,
            "nonOperatingIncomeNetOther": null,
            "operatingIncome": null,
            "otherOperatingExpenses": null,
            "interestExpense": "1280750000.00",
            "taxProvision": null,
            "interestIncome": null,
            "netInterestIncome": null,
            "extraordinaryItems": null,
            "nonRecurring": null,
            "otherItems": null,
            "incomeTaxExpense": "884500000.00",
            "totalRevenue": "929750000.00",
            "totalOperatingExpenses": null,
            "costOfRevenue": null,
            "totalOtherIncomeExpenseNet": null,
            "discontinuedOperations": null,
            "netIncomeFromContinuingOps": null,
            "netIncomeApplicableToCommonShares": null,
            "preferredStockAndOtherAdjustments": null
        },
        "2000-03-31": {
            "date": "2000-03-31",
            "filing_date": "2000-03-31",
            "currency_symbol": "AUD",
            "researchDevelopment": null,
            "effectOfAccountingCharges": null,
            "incomeBeforeTax": null,
            "minorityInterest": null,
            "netIncome": null,
            "sellingGeneralAdministrative": null,
            "sellingAndMarketingExpenses": null,
            "grossProfit": null,
            "reconciledDepreciation": null,
            "ebit": null,
            "ebitda": null,
            "depreciationAndAmortization": null,
            "nonOperatingIncomeNetOther": null,
            "operatingIncome": null,
            "otherOperatingExpenses": null,
            "interestExpense": null,
            "taxProvision": null,
            "interestIncome": null,
            "netInterestIncome": null,
            "extraordinaryItems": null,
            "nonRecurring": null,
            "otherItems": null,
            "incomeTaxExpense": null,
            "totalRevenue": null,
            "totalOperatingExpenses": null,
            "costOfRevenue": null,
            "totalOtherIncomeExpenseNet": null,
            "discontinuedOperations": null,
            "netIncomeFromContinuingOps": null,
            "netIncomeApplicableToCommonShares": null,
            "preferredStockAndOtherAdjustments": null
        },
        "1999-12-31": {
            "date": "1999-12-31",
            "filing_date": "2000-01-31",
            "currency_symbol": "AUD",
            "researchDevelopment": null,
            "effectOfAccountingCharges": null,
            "incomeBeforeTax": "884500000.00",
            "minorityInterest": null,
            "netIncome": "-9500000.00",
            "sellingGeneralAdministrative": null,
            "sellingAndMarketingExpenses": null,
            "grossProfit": null,
            "reconciledDepreciation": null,
            "ebit": null,
            "ebitda": "2155750000.00",
            "depreciationAndAmortization": null,
            "nonOperatingIncomeNetOther": null,
            "operatingIncome": null,
            "otherOperatingExpenses": null,
            "interestExpense": "1280750000.00",
            "taxProvision": null,
            "interestIncome": null,
            "netInterestIncome": null,
            "extraordinaryItems": null,
            "nonRecurring": null,
            "otherItems": null,
            "incomeTaxExpense": "884500000.00",
            "totalRevenue": "929750000.00",
            "totalOperatingExpenses": null,
            "costOfRevenue": null,
            "totalOtherIncomeExpenseNet": null,
            "discontinuedOperations": null,
            "netIncomeFromContinuingOps": null,
            "netIncomeApplicableToCommonShares": null,
            "preferredStockAndOtherAdjustments": null
        },
        "1999-09-30": {
            "date": "1999-09-30",
            "filing_date": "1999-09-30",
            "currency_symbol": "AUD",
            "researchDevelopment": null,
            "effectOfAccountingCharges": null,
            "incomeBeforeTax": null,
            "minorityInterest": null,
            "netIncome": null,
            "sellingGeneralAdministrative": null,
            "sellingAndMarketingExpenses": null,
            "grossProfit": null,
            "reconciledDepreciation": null,
            "ebit": null,
            "ebitda": null,
            "depreciationAndAmortization": null,
            "nonOperatingIncomeNetOther": null,
            "operatingIncome": null,
            "otherOperatingExpenses": null,
            "interestExpense": null,
            "taxProvision": null,
            "interestIncome": null,
            "netInterestIncome": null,
            "extraordinaryItems": null,
            "nonRecurring": null,
            "otherItems": null,
            "incomeTaxExpense": null,
            "totalRevenue": null,
            "totalOperatingExpenses": null,
            "costOfRevenue": null,
            "totalOtherIncomeExpenseNet": null,
            "discontinuedOperations": null,
            "netIncomeFromContinuingOps": null,
            "netIncomeApplicableToCommonShares": null,
            "preferredStockAndOtherAdjustments": null
        },
        "1999-06-30": {
            "date": "1999-06-30",
            "filing_date": "1999-06-30",
            "currency_symbol": "AUD",
            "researchDevelopment": null,
            "effectOfAccountingCharges": null,
            "incomeBeforeTax": "540000000.00",
            "minorityInterest": null,
            "netIncome": "-6000000.00",
            "sellingGeneralAdministrative": null,
            "sellingAndMarketingExpenses": null,
            "grossProfit": null,
            "reconciledDepreciation": null,
            "ebit": null,
            "ebitda": "1588500000.00",
            "depreciationAndAmortization": null,
            "nonOperatingIncomeNetOther": null,
            "operatingIncome": null,
            "otherOperatingExpenses": null,
            "interestExpense": "1054500000.00",
            "taxProvision": null,
            "interestIncome": null,
            "netInterestIncome": null,
            "extraordinaryItems": null,
            "nonRecurring": null,
            "otherItems": null,
            "incomeTaxExpense": "540000000.00",
            "totalRevenue": "881750000.00",
            "totalOperatingExpenses": null,
            "costOfRevenue": null,
            "totalOtherIncomeExpenseNet": null,
            "discontinuedOperations": null,
            "netIncomeFromContinuingOps": null,
            "netIncomeApplicableToCommonShares": null,
            "preferredStockAndOtherAdjustments": null
        },
        "1999-03-31": {
            "date": "1999-03-31",
            "filing_date": "1999-03-31",
            "currency_symbol": "AUD",
            "researchDevelopment": null,
            "effectOfAccountingCharges": null,
            "incomeBeforeTax": null,
            "minorityInterest": null,
            "netIncome": null,
            "sellingGeneralAdministrative": null,
            "sellingAndMarketingExpenses": null,
            "grossProfit": null,
            "reconciledDepreciation": null,
            "ebit": null,
            "ebitda": null,
            "depreciationAndAmortization": null,
            "nonOperatingIncomeNetOther": null,
            "operatingIncome": null,
            "otherOperatingExpenses": null,
            "interestExpense": null,
            "taxProvision": null,
            "interestIncome": null,
            "netInterestIncome": null,
            "extraordinaryItems": null,
            "nonRecurring": null,
            "otherItems": null,
            "incomeTaxExpense": null,
            "totalRevenue": null,
            "totalOperatingExpenses": null,
            "costOfRevenue": null,
            "totalOtherIncomeExpenseNet": null,
            "discontinuedOperations": null,
            "netIncomeFromContinuingOps": null,
            "netIncomeApplicableToCommonShares": null,
            "preferredStockAndOtherAdjustments": null
        },
        "1998-12-31": {
            "date": "1998-12-31",
            "filing_date": "1999-01-31",
            "currency_symbol": "AUD",
            "researchDevelopment": null,
            "effectOfAccountingCharges": null,
            "incomeBeforeTax": "540000000.00",
            "minorityInterest": null,
            "netIncome": "-6000000.00",
            "sellingGeneralAdministrative": null,
            "sellingAndMarketingExpenses": null,
            "grossProfit": null,
            "reconciledDepreciation": null,
            "ebit": null,
            "ebitda": "1588500000.00",
            "depreciationAndAmortization": null,
            "nonOperatingIncomeNetOther": null,
            "operatingIncome": null,
            "otherOperatingExpenses": null,
            "interestExpense": "1054500000.00",
            "taxProvision": null,
            "interestIncome": null,
            "netInterestIncome": null,
            "extraordinaryItems": null,
            "nonRecurring": null,
            "otherItems": null,
            "incomeTaxExpense": "540000000.00",
            "totalRevenue": "881750000.00",
            "totalOperatingExpenses": null,
            "costOfRevenue": null,
            "totalOtherIncomeExpenseNet": null,
            "discontinuedOperations": null,
            "netIncomeFromContinuingOps": null,
            "netIncomeApplicableToCommonShares": null,
            "preferredStockAndOtherAdjustments": null
        },
        "1998-09-30": {
            "date": "1998-09-30",
            "filing_date": "1998-09-30",
            "currency_symbol": "AUD",
            "researchDevelopment": null,
            "effectOfAccountingCharges": null,
            "incomeBeforeTax": null,
            "minorityInterest": null,
            "netIncome": null,
            "sellingGeneralAdministrative": null,
            "sellingAndMarketingExpenses": null,
            "grossProfit": null,
            "reconciledDepreciation": null,
            "ebit": null,
            "ebitda": null,
            "depreciationAndAmortization": null,
            "nonOperatingIncomeNetOther": null,
            "operatingIncome": null,
            "otherOperatingExpenses": null,
            "interestExpense": null,
            "taxProvision": null,
            "interestIncome": null,
            "netInterestIncome": null,
            "extraordinaryItems": null,
            "nonRecurring": null,
            "otherItems": null,
            "incomeTaxExpense": null,
            "totalRevenue": null,
            "totalOperatingExpenses": null,
            "costOfRevenue": null,
            "totalOtherIncomeExpenseNet": null,
            "discontinuedOperations": null,
            "netIncomeFromContinuingOps": null,
            "netIncomeApplicableToCommonShares": null,
            "preferredStockAndOtherAdjustments": null
        },
        "1998-06-30": {
            "date": "1998-06-30",
            "filing_date": "1998-06-30",
            "currency_symbol": "AUD",
            "researchDevelopment": null,
            "effectOfAccountingCharges": null,
            "incomeBeforeTax": "335500000.00",
            "minorityInterest": null,
            "netIncome": "-5000000.00",
            "sellingGeneralAdministrative": null,
            "sellingAndMarketingExpenses": null,
            "grossProfit": null,
            "reconciledDepreciation": null,
            "ebit": null,
            "ebitda": "1382500000.00",
            "depreciationAndAmortization": null,
            "nonOperatingIncomeNetOther": null,
            "operatingIncome": null,
            "otherOperatingExpenses": null,
            "interestExpense": "1052000000.00",
            "taxProvision": null,
            "interestIncome": null,
            "netInterestIncome": null,
            "extraordinaryItems": null,
            "nonRecurring": null,
            "otherItems": null,
            "incomeTaxExpense": "335500000.00",
            "totalRevenue": "849250000.00",
            "totalOperatingExpenses": null,
            "costOfRevenue": null,
            "totalOtherIncomeExpenseNet": null,
            "discontinuedOperations": null,
            "netIncomeFromContinuingOps": null,
            "netIncomeApplicableToCommonShares": null,
            "preferredStockAndOtherAdjustments": null
        },
        "1998-03-31": {
            "date": "1998-03-31",
            "filing_date": "1998-03-31",
            "currency_symbol": "AUD",
            "researchDevelopment": null,
            "effectOfAccountingCharges": null,
            "incomeBeforeTax": null,
            "minorityInterest": null,
            "netIncome": null,
            "sellingGeneralAdministrative": null,
            "sellingAndMarketingExpenses": null,
            "grossProfit": null,
            "reconciledDepreciation": null,
            "ebit": null,
            "ebitda": null,
            "depreciationAndAmortization": null,
            "nonOperatingIncomeNetOther": null,
            "operatingIncome": null,
            "otherOperatingExpenses": null,
            "interestExpense": null,
            "taxProvision": null,
            "interestIncome": null,
            "netInterestIncome": null,
            "extraordinaryItems": null,
            "nonRecurring": null,
            "otherItems": null,
            "incomeTaxExpense": null,
            "totalRevenue": null,
            "totalOperatingExpenses": null,
            "costOfRevenue": null,
            "totalOtherIncomeExpenseNet": null,
            "discontinuedOperations": null,
            "netIncomeFromContinuingOps": null,
            "netIncomeApplicableToCommonShares": null,
            "preferredStockAndOtherAdjustments": null
        },
        "1997-12-31": {
            "date": "1997-12-31",
            "filing_date": "1998-01-31",
            "currency_symbol": "AUD",
            "researchDevelopment": null,
            "effectOfAccountingCharges": null,
            "incomeBeforeTax": "335500000.00",
            "minorityInterest": null,
            "netIncome": "-5000000.00",
            "sellingGeneralAdministrative": null,
            "sellingAndMarketingExpenses": null,
            "grossProfit": null,
            "reconciledDepreciation": null,
            "ebit": null,
            "ebitda": "1382500000.00",
            "depreciationAndAmortization": null,
            "nonOperatingIncomeNetOther": null,
            "operatingIncome": null,
            "otherOperatingExpenses": null,
            "interestExpense": "1052000000.00",
            "taxProvision": null,
            "interestIncome": null,
            "netInterestIncome": null,
            "extraordinaryItems": null,
            "nonRecurring": null,
            "otherItems": null,
            "incomeTaxExpense": "335500000.00",
            "totalRevenue": "849250000.00",
            "totalOperatingExpenses": null,
            "costOfRevenue": null,
            "totalOtherIncomeExpenseNet": null,
            "discontinuedOperations": null,
            "netIncomeFromContinuingOps": null,
            "netIncomeApplicableToCommonShares": null,
            "preferredStockAndOtherAdjustments": null
        },
        "1997-09-30": {
            "date": "1997-09-30",
            "filing_date": "1997-09-30",
            "currency_symbol": "AUD",
            "researchDevelopment": null,
            "effectOfAccountingCharges": null,
            "incomeBeforeTax": null,
            "minorityInterest": null,
            "netIncome": null,
            "sellingGeneralAdministrative": null,
            "sellingAndMarketingExpenses": null,
            "grossProfit": null,
            "reconciledDepreciation": null,
            "ebit": null,
            "ebitda": null,
            "depreciationAndAmortization": null,
            "nonOperatingIncomeNetOther": null,
            "operatingIncome": null,
            "otherOperatingExpenses": null,
            "interestExpense": null,
            "taxProvision": null,
            "interestIncome": null,
            "netInterestIncome": null,
            "extraordinaryItems": null,
            "nonRecurring": null,
            "otherItems": null,
            "incomeTaxExpense": null,
            "totalRevenue": null,
            "totalOperatingExpenses": null,
            "costOfRevenue": null,
            "totalOtherIncomeExpenseNet": null,
            "discontinuedOperations": null,
            "netIncomeFromContinuingOps": null,
            "netIncomeApplicableToCommonShares": null,
            "preferredStockAndOtherAdjustments": null
        },
        "1997-06-30": {
            "date": "1997-06-30",
            "filing_date": "1997-06-30",
            "currency_symbol": "AUD",
            "researchDevelopment": null,
            "effectOfAccountingCharges": null,
            "incomeBeforeTax": "404000000.00",
            "minorityInterest": null,
            "netIncome": "-5500000.00",
            "sellingGeneralAdministrative": null,
            "sellingAndMarketingExpenses": null,
            "grossProfit": null,
            "reconciledDepreciation": "59250000.00",
            "ebit": "1547750048.00",
            "ebitda": "1607000048.00",
            "depreciationAndAmortization": "59250000.00",
            "nonOperatingIncomeNetOther": null,
            "operatingIncome": "404000000.00",
            "otherOperatingExpenses": null,
            "interestExpense": "1149250048.00",
            "taxProvision": null,
            "interestIncome": null,
            "netInterestIncome": null,
            "extraordinaryItems": null,
            "nonRecurring": null,
            "otherItems": null,
            "incomeTaxExpense": "404000000.00",
            "totalRevenue": "847999952.00",
            "totalOperatingExpenses": null,
            "costOfRevenue": null,
            "totalOtherIncomeExpenseNet": null,
            "discontinuedOperations": null,
            "netIncomeFromContinuingOps": null,
            "netIncomeApplicableToCommonShares": null,
            "preferredStockAndOtherAdjustments": null
        },
        "1997-03-31": {
            "date": "1997-03-31",
            "filing_date": "1997-03-31",
            "currency_symbol": "AUD",
            "researchDevelopment": null,
            "effectOfAccountingCharges": null,
            "incomeBeforeTax": null,
            "minorityInterest": null,
            "netIncome": null,
            "sellingGeneralAdministrative": null,
            "sellingAndMarketingExpenses": null,
            "grossProfit": null,
            "reconciledDepreciation": null,
            "ebit": null,
            "ebitda": null,
            "depreciationAndAmortization": null,
            "nonOperatingIncomeNetOther": null,
            "operatingIncome": null,
            "otherOperatingExpenses": null,
            "interestExpense": null,
            "taxProvision": null,
            "interestIncome": null,
            "netInterestIncome": null,
            "extraordinaryItems": null,
            "nonRecurring": null,
            "otherItems": null,
            "incomeTaxExpense": null,
            "totalRevenue": null,
            "totalOperatingExpenses": null,
            "costOfRevenue": null,
            "totalOtherIncomeExpenseNet": null,
            "discontinuedOperations": null,
            "netIncomeFromContinuingOps": null,
            "netIncomeApplicableToCommonShares": null,
            "preferredStockAndOtherAdjustments": null
        },
        "1996-12-31": {
            "date": "1996-12-31",
            "filing_date": "1997-01-31",
            "currency_symbol": "AUD",
            "researchDevelopment": null,
            "effectOfAccountingCharges": null,
            "incomeBeforeTax": "404000000.00",
            "minorityInterest": null,
            "netIncome": "-5500000.00",
            "sellingGeneralAdministrative": null,
            "sellingAndMarketingExpenses": null,
            "grossProfit": null,
            "reconciledDepreciation": "59250000.00",
            "ebit": "1547750048.00",
            "ebitda": "1607000048.00",
            "depreciationAndAmortization": "59250000.00",
            "nonOperatingIncomeNetOther": null,
            "operatingIncome": "404000000.00",
            "otherOperatingExpenses": null,
            "interestExpense": "1149250048.00",
            "taxProvision": null,
            "interestIncome": null,
            "netInterestIncome": null,
            "extraordinaryItems": null,
            "nonRecurring": null,
            "otherItems": null,
            "incomeTaxExpense": "404000000.00",
            "totalRevenue": "847999952.00",
            "totalOperatingExpenses": null,
            "costOfRevenue": null,
            "totalOtherIncomeExpenseNet": null,
            "discontinuedOperations": null,
            "netIncomeFromContinuingOps": null,
            "netIncomeApplicableToCommonShares": null,
            "preferredStockAndOtherAdjustments": null
        },
        "1996-09-30": {
            "date": "1996-09-30",
            "filing_date": "1996-09-30",
            "currency_symbol": "AUD",
            "researchDevelopment": null,
            "effectOfAccountingCharges": null,
            "incomeBeforeTax": null,
            "minorityInterest": null,
            "netIncome": null,
            "sellingGeneralAdministrative": null,
            "sellingAndMarketingExpenses": null,
            "grossProfit": null,
            "reconciledDepreciation": null,
            "ebit": null,
            "ebitda": null,
            "depreciationAndAmortization": null,
            "nonOperatingIncomeNetOther": null,
            "operatingIncome": null,
            "otherOperatingExpenses": null,
            "interestExpense": null,
            "taxProvision": null,
            "interestIncome": null,
            "netInterestIncome": null,
            "extraordinaryItems": null,
            "nonRecurring": null,
            "otherItems": null,
            "incomeTaxExpense": null,
            "totalRevenue": null,
            "totalOperatingExpenses": null,
            "costOfRevenue": null,
            "totalOtherIncomeExpenseNet": null,
            "discontinuedOperations": null,
            "netIncomeFromContinuingOps": null,
            "netIncomeApplicableToCommonShares": null,
            "preferredStockAndOtherAdjustments": null
        },
        "1996-06-30": {
            "date": "1996-06-30",
            "filing_date": "1996-06-30",
            "currency_symbol": "AUD",
            "researchDevelopment": null,
            "effectOfAccountingCharges": null,
            "incomeBeforeTax": "444000000.00",
            "minorityInterest": null,
            "netIncome": "-5500000.00",
            "sellingGeneralAdministrative": null,
            "sellingAndMarketingExpenses": null,
            "grossProfit": null,
            "reconciledDepreciation": "68000000.00",
            "ebit": "1481000000.00",
            "ebitda": "1549000000.00",
            "depreciationAndAmortization": "68000000.00",
            "nonOperatingIncomeNetOther": null,
            "operatingIncome": "444000000.00",
            "otherOperatingExpenses": null,
            "interestExpense": "1042500000.00",
            "taxProvision": null,
            "interestIncome": null,
            "netInterestIncome": null,
            "extraordinaryItems": null,
            "nonRecurring": null,
            "otherItems": null,
            "incomeTaxExpense": "444000000.00",
            "totalRevenue": "849250000.00",
            "totalOperatingExpenses": null,
            "costOfRevenue": null,
            "totalOtherIncomeExpenseNet": null,
            "discontinuedOperations": null,
            "netIncomeFromContinuingOps": null,
            "netIncomeApplicableToCommonShares": null,
            "preferredStockAndOtherAdjustments": null
        },
        "1996-03-31": {
            "date": "1996-03-31",
            "filing_date": "1996-03-31",
            "currency_symbol": "AUD",
            "researchDevelopment": null,
            "effectOfAccountingCharges": null,
            "incomeBeforeTax": null,
            "minorityInterest": null,
            "netIncome": null,
            "sellingGeneralAdministrative": null,
            "sellingAndMarketingExpenses": null,
            "grossProfit": null,
            "reconciledDepreciation": null,
            "ebit": null,
            "ebitda": null,
            "depreciationAndAmortization": null,
            "nonOperatingIncomeNetOther": null,
            "operatingIncome": null,
            "otherOperatingExpenses": null,
            "interestExpense": null,
            "taxProvision": null,
            "interestIncome": null,
            "netInterestIncome": null,
            "extraordinaryItems": null,
            "nonRecurring": null,
            "otherItems": null,
            "incomeTaxExpense": null,
            "totalRevenue": null,
            "totalOperatingExpenses": null,
            "costOfRevenue": null,
            "totalOtherIncomeExpenseNet": null,
            "discontinuedOperations": null,
            "netIncomeFromContinuingOps": null,
            "netIncomeApplicableToCommonShares": null,
            "preferredStockAndOtherAdjustments": null
        },
        "1995-12-31": {
            "date": "1995-12-31",
            "filing_date": "1996-01-31",
            "currency_symbol": "AUD",
            "researchDevelopment": null,
            "effectOfAccountingCharges": null,
            "incomeBeforeTax": "444000000.00",
            "minorityInterest": null,
            "netIncome": "-5500000.00",
            "sellingGeneralAdministrative": null,
            "sellingAndMarketingExpenses": null,
            "grossProfit": null,
            "reconciledDepreciation": "68000000.00",
            "ebit": "1481000000.00",
            "ebitda": "1549000000.00",
            "depreciationAndAmortization": "68000000.00",
            "nonOperatingIncomeNetOther": null,
            "operatingIncome": "444000000.00",
            "otherOperatingExpenses": null,
            "interestExpense": "1042500000.00",
            "taxProvision": null,
            "interestIncome": null,
            "netInterestIncome": null,
            "extraordinaryItems": null,
            "nonRecurring": null,
            "otherItems": null,
            "incomeTaxExpense": "444000000.00",
            "totalRevenue": "849250000.00",
            "totalOperatingExpenses": null,
            "costOfRevenue": null,
            "totalOtherIncomeExpenseNet": null,
            "discontinuedOperations": null,
            "netIncomeFromContinuingOps": null,
            "netIncomeApplicableToCommonShares": null,
            "preferredStockAndOtherAdjustments": null
        },
        "1995-09-30": {
            "date": "1995-09-30",
            "filing_date": "1995-09-30",
            "currency_symbol": "AUD",
            "researchDevelopment": null,
            "effectOfAccountingCharges": null,
            "incomeBeforeTax": null,
            "minorityInterest": null,
            "netIncome": null,
            "sellingGeneralAdministrative": null,
            "sellingAndMarketingExpenses": null,
            "grossProfit": null,
            "reconciledDepreciation": null,
            "ebit": null,
            "ebitda": null,
            "depreciationAndAmortization": null,
            "nonOperatingIncomeNetOther": null,
            "operatingIncome": null,
            "otherOperatingExpenses": null,
            "interestExpense": null,
            "taxProvision": null,
            "interestIncome": null,
            "netInterestIncome": null,
            "extraordinaryItems": null,
            "nonRecurring": null,
            "otherItems": null,
            "incomeTaxExpense": null,
            "totalRevenue": null,
            "totalOperatingExpenses": null,
            "costOfRevenue": null,
            "totalOtherIncomeExpenseNet": null,
            "discontinuedOperations": null,
            "netIncomeFromContinuingOps": null,
            "netIncomeApplicableToCommonShares": null,
            "preferredStockAndOtherAdjustments": null
        },
        "1995-06-30": {
            "date": "1995-06-30",
            "filing_date": "1995-06-30",
            "currency_symbol": "AUD",
            "researchDevelopment": null,
            "effectOfAccountingCharges": null,
            "incomeBeforeTax": "380750000.00",
            "minorityInterest": null,
            "netIncome": "-4750000.00",
            "sellingGeneralAdministrative": null,
            "sellingAndMarketingExpenses": null,
            "grossProfit": null,
            "reconciledDepreciation": "85000000.00",
            "ebit": "1227500000.00",
            "ebitda": "1312500000.00",
            "depreciationAndAmortization": "85000000.00",
            "nonOperatingIncomeNetOther": null,
            "operatingIncome": "380750000.00",
            "otherOperatingExpenses": null,
            "interestExpense": "851500000.00",
            "taxProvision": null,
            "interestIncome": null,
            "netInterestIncome": null,
            "extraordinaryItems": null,
            "nonRecurring": null,
            "otherItems": null,
            "incomeTaxExpense": "380750000.00",
            "totalRevenue": "791000000.00",
            "totalOperatingExpenses": null,
            "costOfRevenue": null,
            "totalOtherIncomeExpenseNet": null,
            "discontinuedOperations": null,
            "netIncomeFromContinuingOps": null,
            "netIncomeApplicableToCommonShares": null,
            "preferredStockAndOtherAdjustments": null
        },
        "1995-03-31": {
            "date": "1995-03-31",
            "filing_date": "1995-03-31",
            "currency_symbol": "AUD",
            "researchDevelopment": null,
            "effectOfAccountingCharges": null,
            "incomeBeforeTax": null,
            "minorityInterest": null,
            "netIncome": null,
            "sellingGeneralAdministrative": null,
            "sellingAndMarketingExpenses": null,
            "grossProfit": null,
            "reconciledDepreciation": null,
            "ebit": null,
            "ebitda": null,
            "depreciationAndAmortization": null,
            "nonOperatingIncomeNetOther": null,
            "operatingIncome": null,
            "otherOperatingExpenses": null,
            "interestExpense": null,
            "taxProvision": null,
            "interestIncome": null,
            "netInterestIncome": null,
            "extraordinaryItems": null,
            "nonRecurring": null,
            "otherItems": null,
            "incomeTaxExpense": null,
            "totalRevenue": null,
            "totalOperatingExpenses": null,
            "costOfRevenue": null,
            "totalOtherIncomeExpenseNet": null,
            "discontinuedOperations": null,
            "netIncomeFromContinuingOps": null,
            "netIncomeApplicableToCommonShares": null,
            "preferredStockAndOtherAdjustments": null
        },
        "1994-12-31": {
            "date": "1994-12-31",
            "filing_date": "1995-01-31",
            "currency_symbol": "AUD",
            "researchDevelopment": null,
            "effectOfAccountingCharges": null,
            "incomeBeforeTax": "380750000.00",
            "minorityInterest": null,
            "netIncome": "-4750000.00",
            "sellingGeneralAdministrative": null,
            "sellingAndMarketingExpenses": null,
            "grossProfit": null,
            "reconciledDepreciation": "85000000.00",
            "ebit": "1227500000.00",
            "ebitda": "1312500000.00",
            "depreciationAndAmortization": "85000000.00",
            "nonOperatingIncomeNetOther": null,
            "operatingIncome": "380750000.00",
            "otherOperatingExpenses": null,
            "interestExpense": "851500000.00",
            "taxProvision": null,
            "interestIncome": null,
            "netInterestIncome": null,
            "extraordinaryItems": null,
            "nonRecurring": null,
            "otherItems": null,
            "incomeTaxExpense": "380750000.00",
            "totalRevenue": "791000000.00",
            "totalOperatingExpenses": null,
            "costOfRevenue": null,
            "totalOtherIncomeExpenseNet": null,
            "discontinuedOperations": null,
            "netIncomeFromContinuingOps": null,
            "netIncomeApplicableToCommonShares": null,
            "preferredStockAndOtherAdjustments": null
        },
        "1994-09-30": {
            "date": "1994-09-30",
            "filing_date": "1994-09-30",
            "currency_symbol": "AUD",
            "researchDevelopment": null,
            "effectOfAccountingCharges": null,
            "incomeBeforeTax": null,
            "minorityInterest": null,
            "netIncome": null,
            "sellingGeneralAdministrative": null,
            "sellingAndMarketingExpenses": null,
            "grossProfit": null,
            "reconciledDepreciation": null,
            "ebit": null,
            "ebitda": null,
            "depreciationAndAmortization": null,
            "nonOperatingIncomeNetOther": null,
            "operatingIncome": null,
            "otherOperatingExpenses": null,
            "interestExpense": null,
            "taxProvision": null,
            "interestIncome": null,
            "netInterestIncome": null,
            "extraordinaryItems": null,
            "nonRecurring": null,
            "otherItems": null,
            "incomeTaxExpense": null,
            "totalRevenue": null,
            "totalOperatingExpenses": null,
            "costOfRevenue": null,
            "totalOtherIncomeExpenseNet": null,
            "discontinuedOperations": null,
            "netIncomeFromContinuingOps": null,
            "netIncomeApplicableToCommonShares": null,
            "preferredStockAndOtherAdjustments": null
        },
        "1994-06-30": {
            "date": "1994-06-30",
            "filing_date": "1994-06-30",
            "currency_symbol": "AUD",
            "researchDevelopment": null,
            "effectOfAccountingCharges": null,
            "incomeBeforeTax": "263425000.00",
            "minorityInterest": null,
            "netIncome": "-3475000.00",
            "sellingGeneralAdministrative": null,
            "sellingAndMarketingExpenses": null,
            "grossProfit": null,
            "reconciledDepreciation": "71550000.00",
            "ebit": "1035800000.00",
            "ebitda": "1107350000.00",
            "depreciationAndAmortization": "71550000.00",
            "nonOperatingIncomeNetOther": null,
            "operatingIncome": "263425000.00",
            "otherOperatingExpenses": null,
            "interestExpense": "775850000.00",
            "taxProvision": null,
            "interestIncome": null,
            "netInterestIncome": null,
            "extraordinaryItems": null,
            "nonRecurring": null,
            "otherItems": null,
            "incomeTaxExpense": "263425000.00",
            "totalRevenue": "707175000.00",
            "totalOperatingExpenses": null,
            "costOfRevenue": null,
            "totalOtherIncomeExpenseNet": null,
            "discontinuedOperations": null,
            "netIncomeFromContinuingOps": null,
            "netIncomeApplicableToCommonShares": null,
            "preferredStockAndOtherAdjustments": null
        },
        "1994-03-31": {
            "date": "1994-03-31",
            "filing_date": "1994-03-31",
            "currency_symbol": "AUD",
            "researchDevelopment": null,
            "effectOfAccountingCharges": null,
            "incomeBeforeTax": null,
            "minorityInterest": null,
            "netIncome": null,
            "sellingGeneralAdministrative": null,
            "sellingAndMarketingExpenses": null,
            "grossProfit": null,
            "reconciledDepreciation": null,
            "ebit": null,
            "ebitda": null,
            "depreciationAndAmortization": null,
            "nonOperatingIncomeNetOther": null,
            "operatingIncome": null,
            "otherOperatingExpenses": null,
            "interestExpense": null,
            "taxProvision": null,
            "interestIncome": null,
            "netInterestIncome": null,
            "extraordinaryItems": null,
            "nonRecurring": null,
            "otherItems": null,
            "incomeTaxExpense": null,
            "totalRevenue": null,
            "totalOperatingExpenses": null,
            "costOfRevenue": null,
            "totalOtherIncomeExpenseNet": null,
            "discontinuedOperations": null,
            "netIncomeFromContinuingOps": null,
            "netIncomeApplicableToCommonShares": null,
            "preferredStockAndOtherAdjustments": null
        },
        "1993-12-31": {
            "date": "1993-12-31",
            "filing_date": "1994-01-31",
            "currency_symbol": "AUD",
            "researchDevelopment": null,
            "effectOfAccountingCharges": null,
            "incomeBeforeTax": "263425000.00",
            "minorityInterest": null,
            "netIncome": "-3475000.00",
            "sellingGeneralAdministrative": null,
            "sellingAndMarketingExpenses": null,
            "grossProfit": null,
            "reconciledDepreciation": "71550000.00",
            "ebit": "1035800000.00",
            "ebitda": "1107350000.00",
            "depreciationAndAmortization": "71550000.00",
            "nonOperatingIncomeNetOther": null,
            "operatingIncome": "263425000.00",
            "otherOperatingExpenses": null,
            "interestExpense": "775850000.00",
            "taxProvision": null,
            "interestIncome": null,
            "netInterestIncome": null,
            "extraordinaryItems": null,
            "nonRecurring": null,
            "otherItems": null,
            "incomeTaxExpense": "263425000.00",
            "totalRevenue": "707175000.00",
            "totalOperatingExpenses": null,
            "costOfRevenue": null,
            "totalOtherIncomeExpenseNet": null,
            "discontinuedOperations": null,
            "netIncomeFromContinuingOps": null,
            "netIncomeApplicableToCommonShares": null,
            "preferredStockAndOtherAdjustments": null
        },
        "1993-09-30": {
            "date": "1993-09-30",
            "filing_date": "1993-09-30",
            "currency_symbol": "AUD",
            "researchDevelopment": null,
            "effectOfAccountingCharges": null,
            "incomeBeforeTax": null,
            "minorityInterest": null,
            "netIncome": null,
            "sellingGeneralAdministrative": null,
            "sellingAndMarketingExpenses": null,
            "grossProfit": null,
            "reconciledDepreciation": null,
            "ebit": null,
            "ebitda": null,
            "depreciationAndAmortization": null,
            "nonOperatingIncomeNetOther": null,
            "operatingIncome": null,
            "otherOperatingExpenses": null,
            "interestExpense": null,
            "taxProvision": null,
            "interestIncome": null,
            "netInterestIncome": null,
            "extraordinaryItems": null,
            "nonRecurring": null,
            "otherItems": null,
            "incomeTaxExpense": null,
            "totalRevenue": null,
            "totalOperatingExpenses": null,
            "costOfRevenue": null,
            "totalOtherIncomeExpenseNet": null,
            "discontinuedOperations": null,
            "netIncomeFromContinuingOps": null,
            "netIncomeApplicableToCommonShares": null,
            "preferredStockAndOtherAdjustments": null
        },
        "1993-06-30": {
            "date": "1993-06-30",
            "filing_date": "1993-06-30",
            "currency_symbol": "AUD",
            "researchDevelopment": null,
            "effectOfAccountingCharges": null,
            "incomeBeforeTax": "193425000.00",
            "minorityInterest": null,
            "netIncome": "-2425000.00",
            "sellingGeneralAdministrative": null,
            "sellingAndMarketingExpenses": null,
            "grossProfit": null,
            "reconciledDepreciation": "83425000.00",
            "ebit": "1074175000.00",
            "ebitda": "1157600000.00",
            "depreciationAndAmortization": "83425000.00",
            "nonOperatingIncomeNetOther": null,
            "operatingIncome": "193425000.00",
            "otherOperatingExpenses": null,
            "interestExpense": "883175000.00",
            "taxProvision": null,
            "interestIncome": null,
            "netInterestIncome": null,
            "extraordinaryItems": null,
            "nonRecurring": null,
            "otherItems": null,
            "incomeTaxExpense": "193425000.00",
            "totalRevenue": "-883175000.00",
            "totalOperatingExpenses": null,
            "costOfRevenue": null,
            "totalOtherIncomeExpenseNet": null,
            "discontinuedOperations": null,
            "netIncomeFromContinuingOps": null,
            "netIncomeApplicableToCommonShares": null,
            "preferredStockAndOtherAdjustments": null
        },
        "1993-03-31": {
            "date": "1993-03-31",
            "filing_date": "1993-03-31",
            "currency_symbol": "AUD",
            "researchDevelopment": null,
            "effectOfAccountingCharges": null,
            "incomeBeforeTax": null,
            "minorityInterest": null,
            "netIncome": null,
            "sellingGeneralAdministrative": null,
            "sellingAndMarketingExpenses": null,
            "grossProfit": null,
            "reconciledDepreciation": null,
            "ebit": null,
            "ebitda": null,
            "depreciationAndAmortization": null,
            "nonOperatingIncomeNetOther": null,
            "operatingIncome": null,
            "otherOperatingExpenses": null,
            "interestExpense": null,
            "taxProvision": null,
            "interestIncome": null,
            "netInterestIncome": null,
            "extraordinaryItems": null,
            "nonRecurring": null,
            "otherItems": null,
            "incomeTaxExpense": null,
            "totalRevenue": null,
            "totalOperatingExpenses": null,
            "costOfRevenue": null,
            "totalOtherIncomeExpenseNet": null,
            "discontinuedOperations": null,
            "netIncomeFromContinuingOps": null,
            "netIncomeApplicableToCommonShares": null,
            "preferredStockAndOtherAdjustments": null
        },
        "1992-12-31": {
            "date": "1992-12-31",
            "filing_date": "1993-01-31",
            "currency_symbol": "AUD",
            "researchDevelopment": null,
            "effectOfAccountingCharges": null,
            "incomeBeforeTax": "193425000.00",
            "minorityInterest": null,
            "netIncome": "-2425000.00",
            "sellingGeneralAdministrative": null,
            "sellingAndMarketingExpenses": null,
            "grossProfit": null,
            "reconciledDepreciation": "83425000.00",
            "ebit": "1074175000.00",
            "ebitda": "1157600000.00",
            "depreciationAndAmortization": "83425000.00",
            "nonOperatingIncomeNetOther": null,
            "operatingIncome": "193425000.00",
            "otherOperatingExpenses": null,
            "interestExpense": "883175000.00",
            "taxProvision": null,
            "interestIncome": null,
            "netInterestIncome": null,
            "extraordinaryItems": null,
            "nonRecurring": null,
            "otherItems": null,
            "incomeTaxExpense": "193425000.00",
            "totalRevenue": "-883175000.00",
            "totalOperatingExpenses": null,
            "costOfRevenue": null,
            "totalOtherIncomeExpenseNet": null,
            "discontinuedOperations": null,
            "netIncomeFromContinuingOps": null,
            "netIncomeApplicableToCommonShares": null,
            "preferredStockAndOtherAdjustments": null
        },
        "1992-09-30": {
            "date": "1992-09-30",
            "filing_date": "1992-09-30",
            "currency_symbol": "AUD",
            "researchDevelopment": null,
            "effectOfAccountingCharges": null,
            "incomeBeforeTax": null,
            "minorityInterest": null,
            "netIncome": null,
            "sellingGeneralAdministrative": null,
            "sellingAndMarketingExpenses": null,
            "grossProfit": null,
            "reconciledDepreciation": null,
            "ebit": null,
            "ebitda": null,
            "depreciationAndAmortization": null,
            "nonOperatingIncomeNetOther": null,
            "operatingIncome": null,
            "otherOperatingExpenses": null,
            "interestExpense": null,
            "taxProvision": null,
            "interestIncome": null,
            "netInterestIncome": null,
            "extraordinaryItems": null,
            "nonRecurring": null,
            "otherItems": null,
            "incomeTaxExpense": null,
            "totalRevenue": null,
            "totalOperatingExpenses": null,
            "costOfRevenue": null,
            "totalOtherIncomeExpenseNet": null,
            "discontinuedOperations": null,
            "netIncomeFromContinuingOps": null,
            "netIncomeApplicableToCommonShares": null,
            "preferredStockAndOtherAdjustments": null
        },
        "1992-06-30": {
            "date": "1992-06-30",
            "filing_date": "1992-06-30",
            "currency_symbol": "AUD",
            "researchDevelopment": null,
            "effectOfAccountingCharges": null,
            "incomeBeforeTax": "165225000.00",
            "minorityInterest": null,
            "netIncome": "-1775000.00",
            "sellingGeneralAdministrative": null,
            "sellingAndMarketingExpenses": null,
            "grossProfit": null,
            "reconciledDepreciation": "83825000.00",
            "ebit": "1357500000.00",
            "ebitda": "1441325000.00",
            "depreciationAndAmortization": "83825000.00",
            "nonOperatingIncomeNetOther": null,
            "operatingIncome": "165225000.00",
            "otherOperatingExpenses": null,
            "interestExpense": "1194050000.00",
            "taxProvision": null,
            "interestIncome": null,
            "netInterestIncome": null,
            "extraordinaryItems": null,
            "nonRecurring": null,
            "otherItems": null,
            "incomeTaxExpense": "165225000.00",
            "totalRevenue": "-1194050000.00",
            "totalOperatingExpenses": null,
            "costOfRevenue": null,
            "totalOtherIncomeExpenseNet": null,
            "discontinuedOperations": null,
            "netIncomeFromContinuingOps": null,
            "netIncomeApplicableToCommonShares": null,
            "preferredStockAndOtherAdjustments": null
        },
        "1992-03-31": {
            "date": "1992-03-31",
            "filing_date": "1992-03-31",
            "currency_symbol": "AUD",
            "researchDevelopment": null,
            "effectOfAccountingCharges": null,
            "incomeBeforeTax": null,
            "minorityInterest": null,
            "netIncome": null,
            "sellingGeneralAdministrative": null,
            "sellingAndMarketingExpenses": null,
            "grossProfit": null,
            "reconciledDepreciation": null,
            "ebit": null,
            "ebitda": null,
            "depreciationAndAmortization": null,
            "nonOperatingIncomeNetOther": null,
            "operatingIncome": null,
            "otherOperatingExpenses": null,
            "interestExpense": null,
            "taxProvision": null,
            "interestIncome": null,
            "netInterestIncome": null,
            "extraordinaryItems": null,
            "nonRecurring": null,
            "otherItems": null,
            "incomeTaxExpense": null,
            "totalRevenue": null,
            "totalOperatingExpenses": null,
            "costOfRevenue": null,
            "totalOtherIncomeExpenseNet": null,
            "discontinuedOperations": null,
            "netIncomeFromContinuingOps": null,
            "netIncomeApplicableToCommonShares": null,
            "preferredStockAndOtherAdjustments": null
        },
        "1991-12-31": {
            "date": "1991-12-31",
            "filing_date": "1992-01-31",
            "currency_symbol": "AUD",
            "researchDevelopment": null,
            "effectOfAccountingCharges": null,
            "incomeBeforeTax": "165225000.00",
            "minorityInterest": null,
            "netIncome": "-1775000.00",
            "sellingGeneralAdministrative": null,
            "sellingAndMarketingExpenses": null,
            "grossProfit": null,
            "reconciledDepreciation": "83825000.00",
            "ebit": "1357500000.00",
            "ebitda": "1441325000.00",
            "depreciationAndAmortization": "83825000.00",
            "nonOperatingIncomeNetOther": null,
            "operatingIncome": "165225000.00",
            "otherOperatingExpenses": null,
            "interestExpense": "1194050000.00",
            "taxProvision": null,
            "interestIncome": null,
            "netInterestIncome": null,
            "extraordinaryItems": null,
            "nonRecurring": null,
            "otherItems": null,
            "incomeTaxExpense": "165225000.00",
            "totalRevenue": "-1194050000.00",
            "totalOperatingExpenses": null,
            "costOfRevenue": null,
            "totalOtherIncomeExpenseNet": null,
            "discontinuedOperations": null,
            "netIncomeFromContinuingOps": null,
            "netIncomeApplicableToCommonShares": null,
            "preferredStockAndOtherAdjustments": null
        },
        "1991-09-30": {
            "date": "1991-09-30",
            "filing_date": "1991-09-30",
            "currency_symbol": "AUD",
            "researchDevelopment": null,
            "effectOfAccountingCharges": null,
            "incomeBeforeTax": null,
            "minorityInterest": null,
            "netIncome": null,
            "sellingGeneralAdministrative": null,
            "sellingAndMarketingExpenses": null,
            "grossProfit": null,
            "reconciledDepreciation": null,
            "ebit": null,
            "ebitda": null,
            "depreciationAndAmortization": null,
            "nonOperatingIncomeNetOther": null,
            "operatingIncome": null,
            "otherOperatingExpenses": null,
            "interestExpense": null,
            "taxProvision": null,
            "interestIncome": null,
            "netInterestIncome": null,
            "extraordinaryItems": null,
            "nonRecurring": null,
            "otherItems": null,
            "incomeTaxExpense": null,
            "totalRevenue": null,
            "totalOperatingExpenses": null,
            "costOfRevenue": null,
            "totalOtherIncomeExpenseNet": null,
            "discontinuedOperations": null,
            "netIncomeFromContinuingOps": null,
            "netIncomeApplicableToCommonShares": null,
            "preferredStockAndOtherAdjustments": null
        },
        "1991-06-30": {
            "date": "1991-06-30",
            "filing_date": "1991-06-30",
            "currency_symbol": "AUD",
            "researchDevelopment": null,
            "effectOfAccountingCharges": null,
            "incomeBeforeTax": "371800000.00",
            "minorityInterest": null,
            "netIncome": "-1350000.00",
            "sellingGeneralAdministrative": null,
            "sellingAndMarketingExpenses": null,
            "grossProfit": null,
            "reconciledDepreciation": "70025000.00",
            "ebit": "1839625000.00",
            "ebitda": "1909650000.00",
            "depreciationAndAmortization": "70025000.00",
            "nonOperatingIncomeNetOther": null,
            "operatingIncome": "371800000.00",
            "otherOperatingExpenses": null,
            "interestExpense": "1469175000.00",
            "taxProvision": null,
            "interestIncome": null,
            "netInterestIncome": null,
            "extraordinaryItems": null,
            "nonRecurring": null,
            "otherItems": null,
            "incomeTaxExpense": "371800000.00",
            "totalRevenue": "-1469175000.00",
            "totalOperatingExpenses": null,
            "costOfRevenue": null,
            "totalOtherIncomeExpenseNet": null,
            "discontinuedOperations": null,
            "netIncomeFromContinuingOps": null,
            "netIncomeApplicableToCommonShares": null,
            "preferredStockAndOtherAdjustments": null
        },
        "1991-03-31": {
            "date": "1991-03-31",
            "filing_date": "1991-03-31",
            "currency_symbol": "AUD",
            "researchDevelopment": null,
            "effectOfAccountingCharges": null,
            "incomeBeforeTax": null,
            "minorityInterest": null,
            "netIncome": null,
            "sellingGeneralAdministrative": null,
            "sellingAndMarketingExpenses": null,
            "grossProfit": null,
            "reconciledDepreciation": null,
            "ebit": null,
            "ebitda": null,
            "depreciationAndAmortization": null,
            "nonOperatingIncomeNetOther": null,
            "operatingIncome": null,
            "otherOperatingExpenses": null,
            "interestExpense": null,
            "taxProvision": null,
            "interestIncome": null,
            "netInterestIncome": null,
            "extraordinaryItems": null,
            "nonRecurring": null,
            "otherItems": null,
            "incomeTaxExpense": null,
            "totalRevenue": null,
            "totalOperatingExpenses": null,
            "costOfRevenue": null,
            "totalOtherIncomeExpenseNet": null,
            "discontinuedOperations": null,
            "netIncomeFromContinuingOps": null,
            "netIncomeApplicableToCommonShares": null,
            "preferredStockAndOtherAdjustments": null
        },
        "1990-12-31": {
            "date": "1990-12-31",
            "filing_date": "1991-01-31",
            "currency_symbol": "AUD",
            "researchDevelopment": null,
            "effectOfAccountingCharges": null,
            "incomeBeforeTax": "371800000.00",
            "minorityInterest": null,
            "netIncome": "-1350000.00",
            "sellingGeneralAdministrative": null,
            "sellingAndMarketingExpenses": null,
            "grossProfit": null,
            "reconciledDepreciation": "70025000.00",
            "ebit": "1839625000.00",
            "ebitda": "1909650000.00",
            "depreciationAndAmortization": "70025000.00",
            "nonOperatingIncomeNetOther": null,
            "operatingIncome": "371800000.00",
            "otherOperatingExpenses": null,
            "interestExpense": "1469175000.00",
            "taxProvision": null,
            "interestIncome": null,
            "netInterestIncome": null,
            "extraordinaryItems": null,
            "nonRecurring": null,
            "otherItems": null,
            "incomeTaxExpense": "371800000.00",
            "totalRevenue": "-1469175000.00",
            "totalOperatingExpenses": null,
            "costOfRevenue": null,
            "totalOtherIncomeExpenseNet": null,
            "discontinuedOperations": null,
            "netIncomeFromContinuingOps": null,
            "netIncomeApplicableToCommonShares": null,
            "preferredStockAndOtherAdjustments": null
        }
    },
    "yearly": {
        "2025-06-30": {
            "date": "2025-06-30",
            "filing_date": "2025-06-30",
            "currency_symbol": "AUD",
            "researchDevelopment": null,
            "effectOfAccountingCharges": null,
            "incomeBeforeTax": "14549000000.00",
            "minorityInterest": null,
            "netIncome": "10116000000.00",
            "sellingGeneralAdministrative": "439000000.00",
            "sellingAndMarketingExpenses": "313000000.00",
            "grossProfit": "28657000000.00",
            "reconciledDepreciation": "1398000000.00",
            "ebit": "14549000000.00",
            "ebitda": "15947000000.00",
            "depreciationAndAmortization": "1398000000.00",
            "nonOperatingIncomeNetOther": null,
            "operatingIncome": "14549000000.00",
            "otherOperatingExpenses": "55195000000.00",
            "interestExpense": "41087000000.00",
            "taxProvision": "4416000000.00",
            "interestIncome": "65110000000.00",
            "netInterestIncome": "24023000000.00",
            "extraordinaryItems": null,
            "nonRecurring": null,
            "otherItems": null,
            "incomeTaxExpense": "4416000000.00",
            "totalRevenue": "69744000000.00",
            "totalOperatingExpenses": "14108000000.00",
            "costOfRevenue": "41087000000.00",
            "totalOtherIncomeExpenseNet": null,
            "discontinuedOperations": null,
            "netIncomeFromContinuingOps": "10133000000.00",
            "netIncomeApplicableToCommonShares": null,
            "preferredStockAndOtherAdjustments": null
        },
        "2024-06-30": {
            "date": "2024-06-30",
            "filing_date": "2024-06-30",
            "currency_symbol": "AUD",
            "researchDevelopment": null,
            "effectOfAccountingCharges": null,
            "incomeBeforeTax": "13782000000.00",
            "minorityInterest": null,
            "netIncome": "9394000000.00",
            "sellingGeneralAdministrative": "410000000.00",
            "sellingAndMarketingExpenses": "297000000.00",
            "grossProfit": "27309000000.00",
            "reconciledDepreciation": "1502000000.00",
            "ebit": "13782000000.00",
            "ebitda": "15284000000.00",
            "depreciationAndAmortization": "1502000000.00",
            "nonOperatingIncomeNetOther": null,
            "operatingIncome": "13782000000.00",
            "otherOperatingExpenses": "51747000000.00",
            "interestExpense": "38220000000.00",
            "taxProvision": "4301000000.00",
            "interestIncome": "61044000000.00",
            "netInterestIncome": "22824000000.00",
            "extraordinaryItems": "-87000000.00",
            "nonRecurring": null,
            "otherItems": null,
            "incomeTaxExpense": "4301000000.00",
            "totalRevenue": "65529000000.00",
            "totalOperatingExpenses": "13527000000.00",
            "costOfRevenue": "38220000000.00",
            "totalOtherIncomeExpenseNet": "-1339000000.00",
            "discontinuedOperations": null,
            "netIncomeFromContinuingOps": "9481000000.00",
            "netIncomeApplicableToCommonShares": "9394000000.00",
            "preferredStockAndOtherAdjustments": null
        },
        "2023-06-30": {
            "date": "2023-06-30",
            "filing_date": "2023-06-30",
            "currency_symbol": "AUD",
            "researchDevelopment": null,
            "effectOfAccountingCharges": null,
            "incomeBeforeTax": "14241000000.00",
            "minorityInterest": "0.00",
            "netIncome": "9998000000.00",
            "sellingGeneralAdministrative": "403000000.00",
            "sellingAndMarketingExpenses": "262000000.00",
            "grossProfit": "27139000000.00",
            "reconciledDepreciation": "1173000000.00",
            "ebit": "14241000000.00",
            "ebitda": "15417000000.00",
            "depreciationAndAmortization": "1176000000.00",
            "nonOperatingIncomeNetOther": null,
            "operatingIncome": "14241000000.00",
            "otherOperatingExpenses": "34317000000.00",
            "interestExpense": "21419000000.00",
            "taxProvision": "4155000000.00",
            "interestIncome": "44475000000.00",
            "netInterestIncome": "23056000000.00",
            "extraordinaryItems": "-98000000.00",
            "nonRecurring": null,
            "otherItems": null,
            "incomeTaxExpense": "4145000000.00",
            "totalRevenue": "48558000000.00",
            "totalOperatingExpenses": "12898000000.00",
            "costOfRevenue": "21419000000.00",
            "totalOtherIncomeExpenseNet": "14230000000.00",
            "discontinuedOperations": "-98000000.00",
            "netIncomeFromContinuingOps": "10188000000.00",
            "netIncomeApplicableToCommonShares": "10090000000.00",
            "preferredStockAndOtherAdjustments": null
        },
        "2022-06-30": {
            "date": "2022-06-30",
            "filing_date": "2022-06-30",
            "currency_symbol": "AUD",
            "researchDevelopment": null,
            "effectOfAccountingCharges": null,
            "incomeBeforeTax": "13594000000.00",
            "minorityInterest": "0.00",
            "netIncome": "10690000000.00",
            "sellingGeneralAdministrative": "495000000.00",
            "sellingAndMarketingExpenses": "227000000.00",
            "grossProfit": "23290000000.00",
            "reconciledDepreciation": "1190000000.00",
            "ebit": "13594000000.00",
            "ebitda": "15173000000.00",
            "depreciationAndAmortization": "1579000000.00",
            "nonOperatingIncomeNetOther": null,
            "operatingIncome": "13594000000.00",
            "otherOperatingExpenses": "14516000000.00",
            "interestExpense": "4820000000.00",
            "taxProvision": "4011000000.00",
            "interestIncome": "24293000000.00",
            "netInterestIncome": "19473000000.00",
            "extraordinaryItems": "1098000000.00",
            "nonRecurring": null,
            "otherItems": null,
            "incomeTaxExpense": "4002000000.00",
            "totalRevenue": "28110000000.00",
            "totalOperatingExpenses": "9696000000.00",
            "costOfRevenue": "4820000000.00",
            "totalOtherIncomeExpenseNet": "-874000000.00",
            "discontinuedOperations": "1098000000.00",
            "netIncomeFromContinuingOps": "9673000000.00",
            "netIncomeApplicableToCommonShares": "10771000000.00",
            "preferredStockAndOtherAdjustments": null
        },
        "2021-06-30": {
            "date": "2021-06-30",
            "filing_date": "2021-06-30",
            "currency_symbol": "AUD",
            "researchDevelopment": null,
            "effectOfAccountingCharges": null,
            "incomeBeforeTax": "12375000000.00",
            "minorityInterest": "5000000.00",
            "netIncome": "10181000000.00",
            "sellingGeneralAdministrative": "531000000.00",
            "sellingAndMarketingExpenses": "237000000.00",
            "grossProfit": "23552000000.00",
            "reconciledDepreciation": "1420000000.00",
            "ebit": "12375000000.00",
            "ebitda": "13759000000.00",
            "depreciationAndAmortization": "1384000000.00",
            "nonOperatingIncomeNetOther": null,
            "operatingIncome": "12375000000.00",
            "otherOperatingExpenses": "16996000000.00",
            "interestExpense": "5819000000.00",
            "taxProvision": "3532000000.00",
            "interestIncome": "24658000000.00",
            "netInterestIncome": "18839000000.00",
            "extraordinaryItems": "1338000000.00",
            "nonRecurring": null,
            "otherItems": null,
            "incomeTaxExpense": "3532000000.00",
            "totalRevenue": "29371000000.00",
            "totalOperatingExpenses": "11177000000.00",
            "costOfRevenue": "5819000000.00",
            "totalOtherIncomeExpenseNet": "-139000000.00",
            "discontinuedOperations": "1338000000.00",
            "netIncomeFromContinuingOps": "8843000000.00",
            "netIncomeApplicableToCommonShares": "10181000000.00",
            "preferredStockAndOtherAdjustments": null
        },
        "2020-06-30": {
            "date": "2020-06-30",
            "filing_date": "2020-06-30",
            "currency_symbol": "AUD",
            "researchDevelopment": null,
            "effectOfAccountingCharges": null,
            "incomeBeforeTax": "10378000000.00",
            "minorityInterest": "5000000.00",
            "netIncome": "9592000000.00",
            "sellingGeneralAdministrative": "404000000.00",
            "sellingAndMarketingExpenses": "424000000.00",
            "grossProfit": "21119000000.00",
            "reconciledDepreciation": "1872000000.00",
            "ebit": "10378000000.00",
            "ebitda": "12073000000.00",
            "depreciationAndAmortization": "1695000000.00",
            "nonOperatingIncomeNetOther": null,
            "operatingIncome": "10378000000.00",
            "otherOperatingExpenses": "24811000000.00",
            "interestExpense": "11552000000.00",
            "taxProvision": "3020000000.00",
            "interestIncome": "30162000000.00",
            "netInterestIncome": "18610000000.00",
            "extraordinaryItems": "2175000000.00",
            "nonRecurring": null,
            "otherItems": null,
            "incomeTaxExpense": "2990000000.00",
            "totalRevenue": "35189000000.00",
            "totalOperatingExpenses": "10741000000.00",
            "costOfRevenue": "14070000000.00",
            "totalOtherIncomeExpenseNet": "-16000000.00",
            "discontinuedOperations": "2175000000.00",
            "netIncomeFromContinuingOps": "7459000000.00",
            "netIncomeApplicableToCommonShares": "9634000000.00",
            "preferredStockAndOtherAdjustments": null
        },
        "2019-06-30": {
            "date": "2019-06-30",
            "filing_date": "2019-06-30",
            "currency_symbol": "AUD",
            "researchDevelopment": null,
            "effectOfAccountingCharges": null,
            "incomeBeforeTax": "11309000000.00",
            "minorityInterest": "55000000.00",
            "netIncome": "8566000000.00",
            "sellingGeneralAdministrative": "492000000.00",
            "sellingAndMarketingExpenses": "443000000.00",
            "grossProfit": "21857000000.00",
            "reconciledDepreciation": "972000000.00",
            "ebit": "11309000000.00",
            "ebitda": "12339000000.00",
            "depreciationAndAmortization": "1030000000.00",
            "nonOperatingIncomeNetOther": null,
            "operatingIncome": "11309000000.00",
            "otherOperatingExpenses": "28234000000.00",
            "interestExpense": "16485000000.00",
            "taxProvision": "3391000000.00",
            "interestIncome": "34588000000.00",
            "netInterestIncome": "18120000000.00",
            "extraordinaryItems": "211000000.00",
            "nonRecurring": null,
            "otherItems": null,
            "incomeTaxExpense": "3255000000.00",
            "totalRevenue": "39543000000.00",
            "totalOperatingExpenses": "10548000000.00",
            "costOfRevenue": "17686000000.00",
            "totalOtherIncomeExpenseNet": "-1030000000.00",
            "discontinuedOperations": "482000000.00",
            "netIncomeFromContinuingOps": "8372000000.00",
            "netIncomeApplicableToCommonShares": "8571000000.00",
            "preferredStockAndOtherAdjustments": null
        },
        "2018-06-30": {
            "date": "2018-06-30",
            "filing_date": "2018-06-30",
            "currency_symbol": "AUD",
            "researchDevelopment": null,
            "effectOfAccountingCharges": null,
            "incomeBeforeTax": "12553000000.00",
            "minorityInterest": "554000000.00",
            "netIncome": "9329000000.00",
            "sellingGeneralAdministrative": "679000000.00",
            "sellingAndMarketingExpenses": "478000000.00",
            "grossProfit": "22885000000.00",
            "reconciledDepreciation": "871000000.00",
            "ebit": "12553000000.00",
            "ebitda": "13541000000.00",
            "depreciationAndAmortization": "988000000.00",
            "nonOperatingIncomeNetOther": null,
            "operatingIncome": "12553000000.00",
            "otherOperatingExpenses": "27218000000.00",
            "interestExpense": "15807000000.00",
            "taxProvision": "3952000000.00",
            "interestIncome": "34543000000.00",
            "netInterestIncome": "18342000000.00",
            "extraordinaryItems": "272000000.00",
            "nonRecurring": null,
            "otherItems": null,
            "incomeTaxExpense": "3811000000.00",
            "totalRevenue": "39771000000.00",
            "totalOperatingExpenses": "10332000000.00",
            "costOfRevenue": "16886000000.00",
            "totalOtherIncomeExpenseNet": "-122000000.00",
            "discontinuedOperations": "600000000.00",
            "netIncomeFromContinuingOps": "9394000000.00",
            "netIncomeApplicableToCommonShares": "9329000000.00",
            "preferredStockAndOtherAdjustments": null
        },
        "2017-06-30": {
            "date": "2017-06-30",
            "filing_date": "2017-06-30",
            "currency_symbol": "AUD",
            "researchDevelopment": null,
            "effectOfAccountingCharges": null,
            "incomeBeforeTax": "13255000000.00",
            "minorityInterest": "546000000.00",
            "netIncome": "9928000000.00",
            "sellingGeneralAdministrative": "379000000.00",
            "sellingAndMarketingExpenses": "462000000.00",
            "grossProfit": "23127000000.00",
            "reconciledDepreciation": "1131000000.00",
            "ebit": "13255000000.00",
            "ebitda": "14577000000.00",
            "depreciationAndAmortization": "1322000000.00",
            "nonOperatingIncomeNetOther": null,
            "operatingIncome": "13255000000.00",
            "otherOperatingExpenses": "26616000000.00",
            "interestExpense": "15649000000.00",
            "taxProvision": "3784000000.00",
            "interestIncome": "33293000000.00",
            "netInterestIncome": "17546000000.00",
            "extraordinaryItems": "470000000.00",
            "nonRecurring": null,
            "otherItems": null,
            "incomeTaxExpense": "3784000000.00",
            "totalRevenue": "39871000000.00",
            "totalOperatingExpenses": "9872000000.00",
            "costOfRevenue": "16744000000.00",
            "totalOtherIncomeExpenseNet": "-924000000.00",
            "discontinuedOperations": "470000000.00",
            "netIncomeFromContinuingOps": "9952000000.00",
            "netIncomeApplicableToCommonShares": "9928000000.00",
            "preferredStockAndOtherAdjustments": null
        },
        "2016-06-30": {
            "date": "2016-06-30",
            "filing_date": "2016-06-30",
            "currency_symbol": "AUD",
            "researchDevelopment": null,
            "effectOfAccountingCharges": null,
            "incomeBeforeTax": "12365000000.00",
            "minorityInterest": "550000000.00",
            "netIncome": "9223000000.00",
            "sellingGeneralAdministrative": "234000000.00",
            "sellingAndMarketingExpenses": "479000000.00",
            "grossProfit": "22198000000.00",
            "reconciledDepreciation": null,
            "ebit": "12365000000.00",
            "ebitda": "13161000000.00",
            "depreciationAndAmortization": "796000000.00",
            "nonOperatingIncomeNetOther": null,
            "operatingIncome": "12365000000.00",
            "otherOperatingExpenses": "28050000000.00",
            "interestExpense": "16961000000.00",
            "taxProvision": "3400000000.00",
            "interestIncome": "33817000000.00",
            "netInterestIncome": "16858000000.00",
            "extraordinaryItems": "278000000.00",
            "nonRecurring": null,
            "otherItems": null,
            "incomeTaxExpense": "3400000000.00",
            "totalRevenue": "40415000000.00",
            "totalOperatingExpenses": "9833000000.00",
            "costOfRevenue": "18217000000.00",
            "totalOtherIncomeExpenseNet": "-418000000.00",
            "discontinuedOperations": "278000000.00",
            "netIncomeFromContinuingOps": "9247000000.00",
            "netIncomeApplicableToCommonShares": "9173000000.00",
            "preferredStockAndOtherAdjustments": null
        },
        "2015-06-30": {
            "date": "2015-06-30",
            "filing_date": "2015-06-30",
            "currency_symbol": "AUD",
            "researchDevelopment": null,
            "effectOfAccountingCharges": null,
            "incomeBeforeTax": "12602000000.00",
            "minorityInterest": "562000000.00",
            "netIncome": "9053000000.00",
            "sellingGeneralAdministrative": "390000000.00",
            "sellingAndMarketingExpenses": "522000000.00",
            "grossProfit": "22386000000.00",
            "reconciledDepreciation": null,
            "ebit": "12602000000.00",
            "ebitda": "13319000000.00",
            "depreciationAndAmortization": "717000000.00",
            "nonOperatingIncomeNetOther": null,
            "operatingIncome": "12602000000.00",
            "otherOperatingExpenses": "29094000000.00",
            "interestExpense": "18322000000.00",
            "taxProvision": null,
            "interestIncome": null,
            "netInterestIncome": null,
            "extraordinaryItems": null,
            "nonRecurring": null,
            "otherItems": null,
            "incomeTaxExpense": "3528000000.00",
            "totalRevenue": "41696000000.00",
            "totalOperatingExpenses": "9784000000.00",
            "costOfRevenue": "19310000000.00",
            "totalOtherIncomeExpenseNet": "-410000000.00",
            "discontinuedOperations": "278000000.00",
            "netIncomeFromContinuingOps": "9074000000.00",
            "netIncomeApplicableToCommonShares": "9001000000.00",
            "preferredStockAndOtherAdjustments": null
        },
        "2014-06-30": {
            "date": "2014-06-30",
            "filing_date": "2014-06-30",
            "currency_symbol": "AUD",
            "researchDevelopment": null,
            "effectOfAccountingCharges": null,
            "incomeBeforeTax": "11997000000.00",
            "minorityInterest": "19000000.00",
            "netIncome": "8631000000.00",
            "sellingGeneralAdministrative": "257000000.00",
            "sellingAndMarketingExpenses": "477000000.00",
            "grossProfit": "21410000000.00",
            "reconciledDepreciation": null,
            "ebit": "11997000000.00",
            "ebitda": "12727000000.00",
            "depreciationAndAmortization": "730000000.00",
            "nonOperatingIncomeNetOther": null,
            "operatingIncome": "11997000000.00",
            "otherOperatingExpenses": "28881000000.00",
            "interestExpense": "18550000000.00",
            "taxProvision": null,
            "interestIncome": null,
            "netInterestIncome": null,
            "extraordinaryItems": null,
            "nonRecurring": null,
            "otherItems": null,
            "incomeTaxExpense": "3347000000.00",
            "totalRevenue": "40878000000.00",
            "totalOperatingExpenses": "9413000000.00",
            "costOfRevenue": "19468000000.00",
            "totalOtherIncomeExpenseNet": "-491000000.00",
            "discontinuedOperations": null,
            "netIncomeFromContinuingOps": "8650000000.00",
            "netIncomeApplicableToCommonShares": "8586000000.00",
            "preferredStockAndOtherAdjustments": null
        },
        "2013-06-30": {
            "date": "2013-06-30",
            "filing_date": "2013-06-30",
            "currency_symbol": "AUD",
            "researchDevelopment": null,
            "effectOfAccountingCharges": null,
            "incomeBeforeTax": "10645000000.00",
            "minorityInterest": "16000000.00",
            "netIncome": "7618000000.00",
            "sellingGeneralAdministrative": "230000000.00",
            "sellingAndMarketingExpenses": "463000000.00",
            "grossProfit": "19524000000.00",
            "reconciledDepreciation": null,
            "ebit": "10645000000.00",
            "ebitda": "11286000000.00",
            "depreciationAndAmortization": "641000000.00",
            "nonOperatingIncomeNetOther": null,
            "operatingIncome": "10645000000.00",
            "otherOperatingExpenses": "30830000000.00",
            "interestExpense": "20805000000.00",
            "taxProvision": null,
            "interestIncome": null,
            "netInterestIncome": null,
            "extraordinaryItems": null,
            "nonRecurring": null,
            "otherItems": null,
            "incomeTaxExpense": "3011000000.00",
            "totalRevenue": "41475000000.00",
            "totalOperatingExpenses": "8879000000.00",
            "costOfRevenue": "21951000000.00",
            "totalOtherIncomeExpenseNet": "-340000000.00",
            "discontinuedOperations": null,
            "netIncomeFromContinuingOps": null,
            "netIncomeApplicableToCommonShares": "7637000000.00",
            "preferredStockAndOtherAdjustments": null
        },
        "2012-06-30": {
            "date": "2012-06-30",
            "filing_date": "2012-06-30",
            "currency_symbol": "AUD",
            "researchDevelopment": null,
            "effectOfAccountingCharges": null,
            "incomeBeforeTax": "9964000000.00",
            "minorityInterest": "16000000.00",
            "netIncome": "7090000000.00",
            "sellingGeneralAdministrative": "197000000.00",
            "sellingAndMarketingExpenses": "459000000.00",
            "grossProfit": null,
            "reconciledDepreciation": null,
            "ebit": "35084000000.00",
            "ebitda": "35637000000.00",
            "depreciationAndAmortization": "553000000.00",
            "nonOperatingIncomeNetOther": null,
            "operatingIncome": "9964000000.00",
            "otherOperatingExpenses": null,
            "interestExpense": "0.00",
            "taxProvision": null,
            "interestIncome": null,
            "netInterestIncome": null,
            "extraordinaryItems": null,
            "nonRecurring": null,
            "otherItems": null,
            "incomeTaxExpense": "2858000000.00",
            "totalRevenue": "21145000000.00",
            "totalOperatingExpenses": "9992000000.00",
            "costOfRevenue": null,
            "totalOtherIncomeExpenseNet": null,
            "discontinuedOperations": null,
            "netIncomeFromContinuingOps": null,
            "netIncomeApplicableToCommonShares": "7048000000.00",
            "preferredStockAndOtherAdjustments": null
        },
        "2011-06-30": {
            "date": "2011-06-30",
            "filing_date": "2011-06-30",
            "currency_symbol": "AUD",
            "researchDevelopment": null,
            "effectOfAccountingCharges": null,
            "incomeBeforeTax": "9057000000.00",
            "minorityInterest": "16000000.00",
            "netIncome": "6394000000.00",
            "sellingGeneralAdministrative": "196000000.00",
            "sellingAndMarketingExpenses": "457000000.00",
            "grossProfit": null,
            "reconciledDepreciation": null,
            "ebit": "34236000000.00",
            "ebitda": "34774000000.00",
            "depreciationAndAmortization": "538000000.00",
            "nonOperatingIncomeNetOther": null,
            "operatingIncome": "9057000000.00",
            "otherOperatingExpenses": null,
            "interestExpense": "0.00",
            "taxProvision": null,
            "interestIncome": null,
            "netInterestIncome": null,
            "extraordinaryItems": null,
            "nonRecurring": null,
            "otherItems": null,
            "incomeTaxExpense": "2647000000.00",
            "totalRevenue": "20679000000.00",
            "totalOperatingExpenses": "10157000000.00",
            "costOfRevenue": null,
            "totalOtherIncomeExpenseNet": null,
            "discontinuedOperations": null,
            "netIncomeFromContinuingOps": null,
            "netIncomeApplicableToCommonShares": "6352000000.00",
            "preferredStockAndOtherAdjustments": null
        },
        "2010-06-30": {
            "date": "2010-06-30",
            "filing_date": "2010-06-30",
            "currency_symbol": "AUD",
            "researchDevelopment": null,
            "effectOfAccountingCharges": null,
            "incomeBeforeTax": "8193000000.00",
            "minorityInterest": "16000000.00",
            "netIncome": "5664000000.00",
            "sellingGeneralAdministrative": "212000000.00",
            "sellingAndMarketingExpenses": "398000000.00",
            "grossProfit": null,
            "reconciledDepreciation": null,
            "ebit": "28729000000.00",
            "ebitda": "29272000000.00",
            "depreciationAndAmortization": "543000000.00",
            "nonOperatingIncomeNetOther": null,
            "operatingIncome": "8193000000.00",
            "otherOperatingExpenses": null,
            "interestExpense": "0.00",
            "taxProvision": null,
            "interestIncome": null,
            "netInterestIncome": null,
            "extraordinaryItems": null,
            "nonRecurring": null,
            "otherItems": null,
            "incomeTaxExpense": "2513000000.00",
            "totalRevenue": "20662000000.00",
            "totalOperatingExpenses": "9941000000.00",
            "costOfRevenue": null,
            "totalOtherIncomeExpenseNet": null,
            "discontinuedOperations": null,
            "netIncomeFromContinuingOps": null,
            "netIncomeApplicableToCommonShares": "5664000000.00",
            "preferredStockAndOtherAdjustments": null
        },
        "2009-06-30": {
            "date": "2009-06-30",
            "filing_date": "2009-06-30",
            "currency_symbol": "AUD",
            "researchDevelopment": null,
            "effectOfAccountingCharges": null,
            "incomeBeforeTax": "6449000000.00",
            "minorityInterest": "30000000.00",
            "netIncome": "4723000000.00",
            "sellingGeneralAdministrative": "221000000.00",
            "sellingAndMarketingExpenses": "475000000.00",
            "grossProfit": null,
            "reconciledDepreciation": null,
            "ebit": "27912000000.00",
            "ebitda": "28353000000.00",
            "depreciationAndAmortization": "441000000.00",
            "nonOperatingIncomeNetOther": null,
            "operatingIncome": "6449000000.00",
            "otherOperatingExpenses": null,
            "interestExpense": "0.00",
            "taxProvision": null,
            "interestIncome": null,
            "netInterestIncome": null,
            "extraordinaryItems": null,
            "nonRecurring": null,
            "otherItems": null,
            "incomeTaxExpense": "1696000000.00",
            "totalRevenue": "16323000000.00",
            "totalOperatingExpenses": "7606000000.00",
            "costOfRevenue": null,
            "totalOtherIncomeExpenseNet": null,
            "discontinuedOperations": null,
            "netIncomeFromContinuingOps": null,
            "netIncomeApplicableToCommonShares": "4666000000.00",
            "preferredStockAndOtherAdjustments": null
        },
        "2008-06-30": {
            "date": "2008-06-30",
            "filing_date": "2008-06-30",
            "currency_symbol": "AUD",
            "researchDevelopment": null,
            "effectOfAccountingCharges": null,
            "incomeBeforeTax": "6255000000.00",
            "minorityInterest": "31000000.00",
            "netIncome": "4791000000.00",
            "sellingGeneralAdministrative": "217000000.00",
            "sellingAndMarketingExpenses": "348000000.00",
            "grossProfit": null,
            "reconciledDepreciation": null,
            "ebit": "27816000000.00",
            "ebitda": "28144000000.00",
            "depreciationAndAmortization": "328000000.00",
            "nonOperatingIncomeNetOther": null,
            "operatingIncome": "6255000000.00",
            "otherOperatingExpenses": null,
            "interestExpense": "0.00",
            "taxProvision": null,
            "interestIncome": null,
            "netInterestIncome": null,
            "extraordinaryItems": null,
            "nonRecurring": null,
            "otherItems": null,
            "incomeTaxExpense": "1433000000.00",
            "totalRevenue": "14386000000.00",
            "totalOperatingExpenses": "6809000000.00",
            "costOfRevenue": null,
            "totalOtherIncomeExpenseNet": null,
            "discontinuedOperations": null,
            "netIncomeFromContinuingOps": null,
            "netIncomeApplicableToCommonShares": "4743000000.00",
            "preferredStockAndOtherAdjustments": null
        },
        "2007-06-30": {
            "date": "2007-06-30",
            "filing_date": "2007-06-30",
            "currency_symbol": "AUD",
            "researchDevelopment": null,
            "effectOfAccountingCharges": null,
            "incomeBeforeTax": "6538000000.00",
            "minorityInterest": "27000000.00",
            "netIncome": "4470000000.00",
            "sellingGeneralAdministrative": "8000000.00",
            "sellingAndMarketingExpenses": "326000000.00",
            "grossProfit": null,
            "reconciledDepreciation": null,
            "ebit": "23337000000.00",
            "ebitda": "23607000000.00",
            "depreciationAndAmortization": "270000000.00",
            "nonOperatingIncomeNetOther": null,
            "operatingIncome": "6538000000.00",
            "otherOperatingExpenses": null,
            "interestExpense": "0.00",
            "taxProvision": null,
            "interestIncome": null,
            "netInterestIncome": null,
            "extraordinaryItems": null,
            "nonRecurring": null,
            "otherItems": null,
            "incomeTaxExpense": "2041000000.00",
            "totalRevenue": "15675000000.00",
            "totalOperatingExpenses": "8648000000.00",
            "costOfRevenue": null,
            "totalOtherIncomeExpenseNet": null,
            "discontinuedOperations": null,
            "netIncomeFromContinuingOps": null,
            "netIncomeApplicableToCommonShares": "4415000000.00",
            "preferredStockAndOtherAdjustments": null
        },
        "2006-06-30": {
            "date": "2006-06-30",
            "filing_date": "2006-06-30",
            "currency_symbol": "AUD",
            "researchDevelopment": null,
            "effectOfAccountingCharges": null,
            "incomeBeforeTax": "5859000000.00",
            "minorityInterest": "31000000.00",
            "netIncome": "3928000000.00",
            "sellingGeneralAdministrative": "216000000.00",
            "sellingAndMarketingExpenses": "307000000.00",
            "grossProfit": "15460597600.00",
            "reconciledDepreciation": null,
            "ebit": "19072000000.00",
            "ebitda": "19285000000.00",
            "depreciationAndAmortization": "213000000.00",
            "nonOperatingIncomeNetOther": null,
            "operatingIncome": "5859000000.00",
            "otherOperatingExpenses": "272327300.00",
            "interestExpense": "0.00",
            "taxProvision": null,
            "interestIncome": null,
            "netInterestIncome": null,
            "extraordinaryItems": null,
            "nonRecurring": null,
            "otherItems": null,
            "incomeTaxExpense": "1900000000.00",
            "totalRevenue": "14535000000.00",
            "totalOperatingExpenses": "8406000000.00",
            "costOfRevenue": "5393978800.00",
            "totalOtherIncomeExpenseNet": null,
            "discontinuedOperations": null,
            "netIncomeFromContinuingOps": "1730337000.00",
            "netIncomeApplicableToCommonShares": "3928000000.00",
            "preferredStockAndOtherAdjustments": null
        },
        "2005-06-30": {
            "date": "2005-06-30",
            "filing_date": "2005-06-30",
            "currency_symbol": "AUD",
            "researchDevelopment": null,
            "effectOfAccountingCharges": null,
            "incomeBeforeTax": "5638000000.00",
            "minorityInterest": "10000000.00",
            "netIncome": "3991000000.00",
            "sellingGeneralAdministrative": "220000000.00",
            "sellingAndMarketingExpenses": "288000000.00",
            "grossProfit": "16445484000.00",
            "reconciledDepreciation": null,
            "ebit": "15856000000.00",
            "ebitda": "16181000000.00",
            "depreciationAndAmortization": "325000000.00",
            "nonOperatingIncomeNetOther": null,
            "operatingIncome": "5638000000.00",
            "otherOperatingExpenses": "48768000.00",
            "interestExpense": "0.00",
            "taxProvision": null,
            "interestIncome": null,
            "netInterestIncome": null,
            "extraordinaryItems": null,
            "nonRecurring": "-167640000.00",
            "otherItems": null,
            "incomeTaxExpense": "1637000000.00",
            "totalRevenue": "14444000000.00",
            "totalOperatingExpenses": "4152000000.00",
            "costOfRevenue": "0.00",
            "totalOtherIncomeExpenseNet": "435102000.00",
            "discontinuedOperations": null,
            "netIncomeFromContinuingOps": "2715768000.00",
            "netIncomeApplicableToCommonShares": "3860000000.00",
            "preferredStockAndOtherAdjustments": null
        },
        "2004-06-30": {
            "date": "2004-06-30",
            "filing_date": "2004-06-30",
            "currency_symbol": "AUD",
            "researchDevelopment": null,
            "effectOfAccountingCharges": null,
            "incomeBeforeTax": "3843000000.00",
            "minorityInterest": "9000000.00",
            "netIncome": "2572000000.00",
            "sellingGeneralAdministrative": "2756000000.00",
            "sellingAndMarketingExpenses": null,
            "grossProfit": null,
            "reconciledDepreciation": null,
            "ebit": "11711000000.00",
            "ebitda": "12161000000.00",
            "depreciationAndAmortization": "450000000.00",
            "nonOperatingIncomeNetOther": null,
            "operatingIncome": "3843000000.00",
            "otherOperatingExpenses": null,
            "interestExpense": "0.00",
            "taxProvision": null,
            "interestIncome": null,
            "netInterestIncome": null,
            "extraordinaryItems": null,
            "nonRecurring": null,
            "otherItems": null,
            "incomeTaxExpense": "1262000000.00",
            "totalRevenue": "10491000000.00",
            "totalOperatingExpenses": "3321000000.00",
            "costOfRevenue": null,
            "totalOtherIncomeExpenseNet": null,
            "discontinuedOperations": null,
            "netIncomeFromContinuingOps": null,
            "netIncomeApplicableToCommonShares": "2472000000.00",
            "preferredStockAndOtherAdjustments": null
        },
        "2003-06-30": {
            "date": "2003-06-30",
            "filing_date": "2003-06-30",
            "currency_symbol": "AUD",
            "researchDevelopment": null,
            "effectOfAccountingCharges": null,
            "incomeBeforeTax": "2976000000.00",
            "minorityInterest": "6000000.00",
            "netIncome": "2012000000.00",
            "sellingGeneralAdministrative": "3011000000.00",
            "sellingAndMarketingExpenses": "276000000.00",
            "grossProfit": null,
            "reconciledDepreciation": null,
            "ebit": "9472000000.00",
            "ebitda": "10000000000.00",
            "depreciationAndAmortization": "528000000.00",
            "nonOperatingIncomeNetOther": null,
            "operatingIncome": "4548000000.00",
            "otherOperatingExpenses": null,
            "interestExpense": "0.00",
            "taxProvision": null,
            "interestIncome": null,
            "netInterestIncome": null,
            "extraordinaryItems": null,
            "nonRecurring": null,
            "otherItems": null,
            "incomeTaxExpense": "958000000.00",
            "totalRevenue": "8848000000.00",
            "totalOperatingExpenses": "3945000000.00",
            "costOfRevenue": null,
            "totalOtherIncomeExpenseNet": null,
            "discontinuedOperations": null,
            "netIncomeFromContinuingOps": null,
            "netIncomeApplicableToCommonShares": "1972000000.00",
            "preferredStockAndOtherAdjustments": null
        },
        "2002-06-30": {
            "date": "2002-06-30",
            "filing_date": "2002-06-30",
            "currency_symbol": "AUD",
            "researchDevelopment": null,
            "effectOfAccountingCharges": null,
            "incomeBeforeTax": "3572000000.00",
            "minorityInterest": "1000000.00",
            "netIncome": "2655000000.00",
            "sellingGeneralAdministrative": "2714000000.00",
            "sellingAndMarketingExpenses": "256000000.00",
            "grossProfit": null,
            "reconciledDepreciation": null,
            "ebit": "9316000000.00",
            "ebitda": "9767000000.00",
            "depreciationAndAmortization": "451000000.00",
            "nonOperatingIncomeNetOther": null,
            "operatingIncome": "3572000000.00",
            "otherOperatingExpenses": null,
            "interestExpense": "0.00",
            "taxProvision": null,
            "interestIncome": null,
            "netInterestIncome": null,
            "extraordinaryItems": null,
            "nonRecurring": null,
            "otherItems": null,
            "incomeTaxExpense": "916000000.00",
            "totalRevenue": "8459000000.00",
            "totalOperatingExpenses": "3477000000.00",
            "costOfRevenue": null,
            "totalOtherIncomeExpenseNet": null,
            "discontinuedOperations": null,
            "netIncomeFromContinuingOps": null,
            "netIncomeApplicableToCommonShares": "2621000000.00",
            "preferredStockAndOtherAdjustments": null
        },
        "2001-06-30": {
            "date": "2001-06-30",
            "filing_date": "2001-06-30",
            "currency_symbol": "AUD",
            "researchDevelopment": null,
            "effectOfAccountingCharges": null,
            "incomeBeforeTax": "3405000000.00",
            "minorityInterest": "14000000.00",
            "netIncome": "2398000000.00",
            "sellingGeneralAdministrative": "2689000000.00",
            "sellingAndMarketingExpenses": "535000000.00",
            "grossProfit": null,
            "reconciledDepreciation": null,
            "ebit": "10817000000.00",
            "ebitda": "11305000000.00",
            "depreciationAndAmortization": "488000000.00",
            "nonOperatingIncomeNetOther": null,
            "operatingIncome": "3405000000.00",
            "otherOperatingExpenses": null,
            "interestExpense": "0.00",
            "taxProvision": null,
            "interestIncome": null,
            "netInterestIncome": null,
            "extraordinaryItems": null,
            "nonRecurring": null,
            "otherItems": null,
            "incomeTaxExpense": "993000000.00",
            "totalRevenue": "8289000000.00",
            "totalOperatingExpenses": "3302000000.00",
            "costOfRevenue": null,
            "totalOtherIncomeExpenseNet": null,
            "discontinuedOperations": null,
            "netIncomeFromContinuingOps": null,
            "netIncomeApplicableToCommonShares": "2389000000.00",
            "preferredStockAndOtherAdjustments": null
        },
        "2000-06-30": {
            "date": "2000-06-30",
            "filing_date": "2000-06-30",
            "currency_symbol": "AUD",
            "researchDevelopment": null,
            "effectOfAccountingCharges": null,
            "incomeBeforeTax": "3538000000.00",
            "minorityInterest": "38000000.00",
            "netIncome": "2700000000.00",
            "sellingGeneralAdministrative": null,
            "sellingAndMarketingExpenses": null,
            "grossProfit": null,
            "reconciledDepreciation": null,
            "ebit": "8583000000.00",
            "ebitda": "8700000000.00",
            "depreciationAndAmortization": "117000000.00",
            "nonOperatingIncomeNetOther": null,
            "operatingIncome": "3624000000.00",
            "otherOperatingExpenses": null,
            "interestExpense": "0.00",
            "taxProvision": null,
            "interestIncome": null,
            "netInterestIncome": null,
            "extraordinaryItems": null,
            "nonRecurring": null,
            "otherItems": null,
            "incomeTaxExpense": "760000000.00",
            "totalRevenue": "6139000000.00",
            "totalOperatingExpenses": "117000000.00",
            "costOfRevenue": null,
            "totalOtherIncomeExpenseNet": null,
            "discontinuedOperations": null,
            "netIncomeFromContinuingOps": null,
            "netIncomeApplicableToCommonShares": "2700000000.00",
            "preferredStockAndOtherAdjustments": null
        },
        "1999-06-30": {
            "date": "1999-06-30",
            "filing_date": "1999-06-30",
            "currency_symbol": "AUD",
            "researchDevelopment": null,
            "effectOfAccountingCharges": null,
            "incomeBeforeTax": "2160000000.00",
            "minorityInterest": null,
            "netIncome": "1422000000.00",
            "sellingGeneralAdministrative": null,
            "sellingAndMarketingExpenses": null,
            "grossProfit": null,
            "reconciledDepreciation": null,
            "ebit": "6354000000.00",
            "ebitda": "6499000000.00",
            "depreciationAndAmortization": "145000000.00",
            "nonOperatingIncomeNetOther": null,
            "operatingIncome": null,
            "otherOperatingExpenses": null,
            "interestExpense": "0.00",
            "taxProvision": null,
            "interestIncome": null,
            "netInterestIncome": null,
            "extraordinaryItems": null,
            "nonRecurring": null,
            "otherItems": null,
            "incomeTaxExpense": "714000000.00",
            "totalRevenue": "5524000000.00",
            "totalOperatingExpenses": "145000000.00",
            "costOfRevenue": null,
            "totalOtherIncomeExpenseNet": null,
            "discontinuedOperations": null,
            "netIncomeFromContinuingOps": null,
            "netIncomeApplicableToCommonShares": null,
            "preferredStockAndOtherAdjustments": null
        },
        "1998-06-30": {
            "date": "1998-06-30",
            "filing_date": "1998-06-30",
            "currency_symbol": "AUD",
            "researchDevelopment": null,
            "effectOfAccountingCharges": null,
            "incomeBeforeTax": "1342000000.00",
            "minorityInterest": null,
            "netIncome": "1090000000.00",
            "sellingGeneralAdministrative": null,
            "sellingAndMarketingExpenses": null,
            "grossProfit": null,
            "reconciledDepreciation": null,
            "ebit": "6348000000.00",
            "ebitda": "6535000000.00",
            "depreciationAndAmortization": "187000000.00",
            "nonOperatingIncomeNetOther": null,
            "operatingIncome": null,
            "otherOperatingExpenses": null,
            "interestExpense": "0.00",
            "taxProvision": null,
            "interestIncome": null,
            "netInterestIncome": null,
            "extraordinaryItems": null,
            "nonRecurring": null,
            "otherItems": null,
            "incomeTaxExpense": "1050000000.00",
            "totalRevenue": "5282000000.00",
            "totalOperatingExpenses": "187000000.00",
            "costOfRevenue": null,
            "totalOtherIncomeExpenseNet": null,
            "discontinuedOperations": null,
            "netIncomeFromContinuingOps": null,
            "netIncomeApplicableToCommonShares": null,
            "preferredStockAndOtherAdjustments": null
        },
        "1997-06-30": {
            "date": "1997-06-30",
            "filing_date": "1997-06-30",
            "currency_symbol": "AUD",
            "researchDevelopment": null,
            "effectOfAccountingCharges": null,
            "incomeBeforeTax": "1616000000.00",
            "minorityInterest": null,
            "netIncome": "1078000000.00",
            "sellingGeneralAdministrative": null,
            "sellingAndMarketingExpenses": null,
            "grossProfit": null,
            "reconciledDepreciation": null,
            "ebit": "6335000192.00",
            "ebitda": "6572000192.00",
            "depreciationAndAmortization": "237000000.00",
            "nonOperatingIncomeNetOther": null,
            "operatingIncome": "1616000000.00",
            "otherOperatingExpenses": null,
            "interestExpense": "0.00",
            "taxProvision": null,
            "interestIncome": null,
            "netInterestIncome": null,
            "extraordinaryItems": null,
            "nonRecurring": null,
            "otherItems": null,
            "incomeTaxExpense": "660000000.00",
            "totalRevenue": "4915999808.00",
            "totalOperatingExpenses": "237000000.00",
            "costOfRevenue": null,
            "totalOtherIncomeExpenseNet": null,
            "discontinuedOperations": null,
            "netIncomeFromContinuingOps": null,
            "netIncomeApplicableToCommonShares": null,
            "preferredStockAndOtherAdjustments": null
        },
        "1996-06-30": {
            "date": "1996-06-30",
            "filing_date": "1996-06-30",
            "currency_symbol": "AUD",
            "researchDevelopment": null,
            "effectOfAccountingCharges": null,
            "incomeBeforeTax": "1776000000.00",
            "minorityInterest": null,
            "netIncome": "1119000000.00",
            "sellingGeneralAdministrative": null,
            "sellingAndMarketingExpenses": null,
            "grossProfit": null,
            "reconciledDepreciation": null,
            "ebit": "5924000000.00",
            "ebitda": "6196000000.00",
            "depreciationAndAmortization": "272000000.00",
            "nonOperatingIncomeNetOther": null,
            "operatingIncome": "1776000000.00",
            "otherOperatingExpenses": null,
            "interestExpense": "0.00",
            "taxProvision": null,
            "interestIncome": null,
            "netInterestIncome": null,
            "extraordinaryItems": null,
            "nonRecurring": null,
            "otherItems": null,
            "incomeTaxExpense": "635000000.00",
            "totalRevenue": "4898000000.00",
            "totalOperatingExpenses": "272000000.00",
            "costOfRevenue": null,
            "totalOtherIncomeExpenseNet": null,
            "discontinuedOperations": null,
            "netIncomeFromContinuingOps": null,
            "netIncomeApplicableToCommonShares": null,
            "preferredStockAndOtherAdjustments": null
        },
        "1995-06-30": {
            "date": "1995-06-30",
            "filing_date": "1995-06-30",
            "currency_symbol": "AUD",
            "researchDevelopment": null,
            "effectOfAccountingCharges": null,
            "incomeBeforeTax": "1523000000.00",
            "minorityInterest": null,
            "netIncome": "983000000.00",
            "sellingGeneralAdministrative": null,
            "sellingAndMarketingExpenses": null,
            "grossProfit": null,
            "reconciledDepreciation": null,
            "ebit": "4910000000.00",
            "ebitda": "5250000000.00",
            "depreciationAndAmortization": "340000000.00",
            "nonOperatingIncomeNetOther": null,
            "operatingIncome": "1523000000.00",
            "otherOperatingExpenses": null,
            "interestExpense": "0.00",
            "taxProvision": null,
            "interestIncome": null,
            "netInterestIncome": null,
            "extraordinaryItems": null,
            "nonRecurring": null,
            "otherItems": null,
            "incomeTaxExpense": "521000000.00",
            "totalRevenue": "4648000000.00",
            "totalOperatingExpenses": null,
            "costOfRevenue": null,
            "totalOtherIncomeExpenseNet": null,
            "discontinuedOperations": null,
            "netIncomeFromContinuingOps": null,
            "netIncomeApplicableToCommonShares": null,
            "preferredStockAndOtherAdjustments": null
        },
        "1994-06-30": {
            "date": "1994-06-30",
            "filing_date": "1994-06-30",
            "currency_symbol": "AUD",
            "researchDevelopment": null,
            "effectOfAccountingCharges": null,
            "incomeBeforeTax": "1053700000.00",
            "minorityInterest": null,
            "netIncome": "682100000.00",
            "sellingGeneralAdministrative": null,
            "sellingAndMarketingExpenses": null,
            "grossProfit": null,
            "reconciledDepreciation": null,
            "ebit": "4143200000.00",
            "ebitda": "4429400000.00",
            "depreciationAndAmortization": "286200000.00",
            "nonOperatingIncomeNetOther": null,
            "operatingIncome": "1053700000.00",
            "otherOperatingExpenses": null,
            "interestExpense": "0.00",
            "taxProvision": null,
            "interestIncome": null,
            "netInterestIncome": null,
            "extraordinaryItems": null,
            "nonRecurring": null,
            "otherItems": null,
            "incomeTaxExpense": "357700000.00",
            "totalRevenue": "4258900000.00",
            "totalOperatingExpenses": null,
            "costOfRevenue": null,
            "totalOtherIncomeExpenseNet": null,
            "discontinuedOperations": null,
            "netIncomeFromContinuingOps": null,
            "netIncomeApplicableToCommonShares": null,
            "preferredStockAndOtherAdjustments": null
        },
        "1993-06-30": {
            "date": "1993-06-30",
            "filing_date": "1993-06-30",
            "currency_symbol": "AUD",
            "researchDevelopment": null,
            "effectOfAccountingCharges": null,
            "incomeBeforeTax": "773700000.00",
            "minorityInterest": null,
            "netIncome": "443100000.00",
            "sellingGeneralAdministrative": null,
            "sellingAndMarketingExpenses": null,
            "grossProfit": null,
            "reconciledDepreciation": null,
            "ebit": "4430300000.00",
            "ebitda": "4724700000.00",
            "depreciationAndAmortization": "294400000.00",
            "nonOperatingIncomeNetOther": null,
            "operatingIncome": "773700000.00",
            "otherOperatingExpenses": null,
            "interestExpense": "0.00",
            "taxProvision": null,
            "interestIncome": null,
            "netInterestIncome": null,
            "extraordinaryItems": null,
            "nonRecurring": null,
            "otherItems": null,
            "incomeTaxExpense": "454500000.00",
            "totalRevenue": "4367000000.00",
            "totalOperatingExpenses": "295692000.00",
            "costOfRevenue": null,
            "totalOtherIncomeExpenseNet": null,
            "discontinuedOperations": null,
            "netIncomeFromContinuingOps": null,
            "netIncomeApplicableToCommonShares": null,
            "preferredStockAndOtherAdjustments": null
        },
        "1992-06-30": {
            "date": "1992-06-30",
            "filing_date": "1992-06-30",
            "currency_symbol": "AUD",
            "researchDevelopment": null,
            "effectOfAccountingCharges": null,
            "incomeBeforeTax": "660900000.00",
            "minorityInterest": null,
            "netIncome": "408800000.00",
            "sellingGeneralAdministrative": null,
            "sellingAndMarketingExpenses": null,
            "grossProfit": null,
            "reconciledDepreciation": null,
            "ebit": "5430000000.00",
            "ebitda": "5726000000.00",
            "depreciationAndAmortization": "296000000.00",
            "nonOperatingIncomeNetOther": null,
            "operatingIncome": "660900000.00",
            "otherOperatingExpenses": null,
            "interestExpense": "0.00",
            "taxProvision": null,
            "interestIncome": null,
            "netInterestIncome": null,
            "extraordinaryItems": null,
            "nonRecurring": null,
            "otherItems": null,
            "incomeTaxExpense": "245000000.00",
            "totalRevenue": "4653500000.00",
            "totalOperatingExpenses": "297690000.00",
            "costOfRevenue": null,
            "totalOtherIncomeExpenseNet": null,
            "discontinuedOperations": null,
            "netIncomeFromContinuingOps": null,
            "netIncomeApplicableToCommonShares": null,
            "preferredStockAndOtherAdjustments": null
        },
        "1991-06-30": {
            "date": "1991-06-30",
            "filing_date": "1991-06-30",
            "currency_symbol": "AUD",
            "researchDevelopment": null,
            "effectOfAccountingCharges": null,
            "incomeBeforeTax": "1487200000.00",
            "minorityInterest": null,
            "netIncome": "883300000.00",
            "sellingGeneralAdministrative": null,
            "sellingAndMarketingExpenses": null,
            "grossProfit": null,
            "reconciledDepreciation": null,
            "ebit": "6655500000.00",
            "ebitda": "6916300000.00",
            "depreciationAndAmortization": "260800000.00",
            "nonOperatingIncomeNetOther": null,
            "operatingIncome": "1487200000.00",
            "otherOperatingExpenses": null,
            "interestExpense": "0.00",
            "taxProvision": null,
            "interestIncome": null,
            "netInterestIncome": null,
            "extraordinaryItems": null,
            "nonRecurring": null,
            "otherItems": null,
            "incomeTaxExpense": "-104500000.00",
            "totalRevenue": "4115900000.00",
            "totalOperatingExpenses": "1004800000.00",
            "costOfRevenue": null,
            "totalOtherIncomeExpenseNet": null,
            "discontinuedOperations": null,
            "netIncomeFromContinuingOps": null,
            "netIncomeApplicableToCommonShares": null,
            "preferredStockAndOtherAdjustments": null
        }
    }
}