{
    "currency_symbol": "EUR",
    "quarterly": {
        "2025-06-30": {
            "date": "2025-06-30",
            "filing_date": "2025-06-30",
            "currency_symbol": "EUR",
            "researchDevelopment": "1133000000.00",
            "effectOfAccountingCharges": null,
            "incomeBeforeTax": "2724000000.00",
            "minorityInterest": null,
            "netIncome": "1913000000.00",
            "sellingGeneralAdministrative": "4000000000.00",
            "sellingAndMarketingExpenses": null,
            "grossProfit": "8202000000.00",
            "reconciledDepreciation": null,
            "ebit": "3298000000.00",
            "ebitda": "3995000000.00",
            "depreciationAndAmortization": "697000000.00",
            "nonOperatingIncomeNetOther": null,
            "operatingIncome": "3223000000.00",
            "otherOperatingExpenses": "16113000000.00",
            "interestExpense": "271000000.00",
            "taxProvision": "714000000.00",
            "interestIncome": "218000000.00",
            "netInterestIncome": null,
            "extraordinaryItems": null,
            "nonRecurring": null,
            "otherItems": null,
            "incomeTaxExpense": "714000000.00",
            "totalRevenue": "19336000000.00",
            "totalOperatingExpenses": "4979000000.00",
            "costOfRevenue": "11134000000.00",
            "totalOtherIncomeExpenseNet": "-499000000.00",
            "discontinuedOperations": null,
            "netIncomeFromContinuingOps": null,
            "netIncomeApplicableToCommonShares": "1913000000.00",
            "preferredStockAndOtherAdjustments": null
        },
        "2024-12-31": {
            "date": "2024-12-31",
            "filing_date": "2024-12-31",
            "currency_symbol": "EUR",
            "researchDevelopment": "1122000000.00",
            "effectOfAccountingCharges": null,
            "incomeBeforeTax": "3205000000.00",
            "minorityInterest": null,
            "netIncome": "2387000000.00",
            "sellingGeneralAdministrative": "3995000000.00",
            "sellingAndMarketingExpenses": null,
            "grossProfit": "8379000000.00",
            "reconciledDepreciation": null,
            "ebit": "3428000000.00",
            "ebitda": "3659000000.00",
            "depreciationAndAmortization": "231000000.00",
            "nonOperatingIncomeNetOther": null,
            "operatingIncome": "3444000000.00",
            "otherOperatingExpenses": "16536000000.00",
            "interestExpense": "261000000.00",
            "taxProvision": "731000000.00",
            "interestIncome": "176000000.00",
            "netInterestIncome": null,
            "extraordinaryItems": null,
            "nonRecurring": null,
            "otherItems": null,
            "incomeTaxExpense": "731000000.00",
            "totalRevenue": "19980000000.00",
            "totalOperatingExpenses": "4935000000.00",
            "costOfRevenue": "11601000000.00",
            "totalOtherIncomeExpenseNet": "-239000000.00",
            "discontinuedOperations": null,
            "netIncomeFromContinuingOps": null,
            "netIncomeApplicableToCommonShares": "2387000000.00",
            "preferredStockAndOtherAdjustments": null
        },
        "2024-06-30": {
            "date": "2024-06-30",
            "filing_date": "2024-06-30",
            "currency_symbol": "EUR",
            "researchDevelopment": "917000000.00",
            "effectOfAccountingCharges": null,
            "incomeBeforeTax": "2819000000.00",
            "minorityInterest": null,
            "netIncome": "1882000000.00",
            "sellingGeneralAdministrative": "3882000000.00",
            "sellingAndMarketingExpenses": null,
            "grossProfit": "7969000000.00",
            "reconciledDepreciation": null,
            "ebit": "3098000000.00",
            "ebitda": "3735000000.00",
            "depreciationAndAmortization": "637000000.00",
            "nonOperatingIncomeNetOther": null,
            "operatingIncome": "3098000000.00",
            "otherOperatingExpenses": "15168000000.00",
            "interestExpense": "234000000.00",
            "taxProvision": "667000000.00",
            "interestIncome": "138000000.00",
            "netInterestIncome": null,
            "extraordinaryItems": null,
            "nonRecurring": null,
            "otherItems": null,
            "incomeTaxExpense": "648000000.00",
            "totalRevenue": "18173000000.00",
            "totalOperatingExpenses": "4799000000.00",
            "costOfRevenue": "10204000000.00",
            "totalOtherIncomeExpenseNet": "-279000000.00",
            "discontinuedOperations": null,
            "netIncomeFromContinuingOps": null,
            "netIncomeApplicableToCommonShares": "1882000000.00",
            "preferredStockAndOtherAdjustments": null
        },
        "2023-12-31": {
            "date": "2023-12-31",
            "filing_date": "2023-12-31",
            "currency_symbol": null,
            "researchDevelopment": "927000000.00",
            "effectOfAccountingCharges": null,
            "incomeBeforeTax": "2624000000.00",
            "minorityInterest": null,
            "netIncome": "1980000000.00",
            "sellingGeneralAdministrative": null,
            "sellingAndMarketingExpenses": null,
            "grossProfit": "7606000000.00",
            "reconciledDepreciation": null,
            "ebit": "2828000000.00",
            "ebitda": "3543000000.00",
            "depreciationAndAmortization": "715000000.00",
            "nonOperatingIncomeNetOther": null,
            "operatingIncome": "3004000000.00",
            "otherOperatingExpenses": "15265000000.00",
            "interestExpense": "258000000.00",
            "taxProvision": null,
            "interestIncome": null,
            "netInterestIncome": null,
            "extraordinaryItems": null,
            "nonRecurring": null,
            "otherItems": null,
            "incomeTaxExpense": "564000000.00",
            "totalRevenue": "18269000000.00",
            "totalOperatingExpenses": "4602000000.00",
            "costOfRevenue": "10663000000.00",
            "totalOtherIncomeExpenseNet": "-380000000.00",
            "discontinuedOperations": null,
            "netIncomeFromContinuingOps": null,
            "netIncomeApplicableToCommonShares": null,
            "preferredStockAndOtherAdjustments": null
        },
        "2023-06-30": {
            "date": "2023-06-30",
            "filing_date": "2023-06-30",
            "currency_symbol": "EUR",
            "researchDevelopment": "819000000.00",
            "effectOfAccountingCharges": null,
            "incomeBeforeTax": "2721000000.00",
            "minorityInterest": null,
            "netIncome": "2023000000.00",
            "sellingGeneralAdministrative": "1500250000.00",
            "sellingAndMarketingExpenses": null,
            "grossProfit": "7530000000.00",
            "reconciledDepreciation": null,
            "ebit": "2940000000.00",
            "ebitda": "3651000000.00",
            "depreciationAndAmortization": "711000000.00",
            "nonOperatingIncomeNetOther": null,
            "operatingIncome": "2954000000.00",
            "otherOperatingExpenses": "14679000000.00",
            "interestExpense": "219000000.00",
            "taxProvision": "687000000.00",
            "interestIncome": "187000000.00",
            "netInterestIncome": null,
            "extraordinaryItems": null,
            "nonRecurring": null,
            "otherItems": null,
            "incomeTaxExpense": "663000000.00",
            "totalRevenue": "17633000000.00",
            "totalOperatingExpenses": "4576000000.00",
            "costOfRevenue": "10103000000.00",
            "totalOtherIncomeExpenseNet": "-233000000.00",
            "discontinuedOperations": null,
            "netIncomeFromContinuingOps": null,
            "netIncomeApplicableToCommonShares": "2023000000.00",
            "preferredStockAndOtherAdjustments": null
        },
        "2023-03-31": {
            "date": "2023-03-31",
            "filing_date": "2023-03-31",
            "currency_symbol": "EUR",
            "researchDevelopment": "468000000.00",
            "effectOfAccountingCharges": null,
            "incomeBeforeTax": "1392000000.00",
            "minorityInterest": null,
            "netIncome": "1011500000.00",
            "sellingGeneralAdministrative": "1500250000.00",
            "sellingAndMarketingExpenses": null,
            "grossProfit": "3741000000.00",
            "reconciledDepreciation": null,
            "ebit": "1472500000.00",
            "ebitda": "1769500000.00",
            "depreciationAndAmortization": "297000000.00",
            "nonOperatingIncomeNetOther": null,
            "operatingIncome": "1472500000.00",
            "otherOperatingExpenses": "2810500000.00",
            "interestExpense": "84000000.00",
            "taxProvision": null,
            "interestIncome": null,
            "netInterestIncome": null,
            "extraordinaryItems": null,
            "nonRecurring": null,
            "otherItems": null,
            "incomeTaxExpense": "343500000.00",
            "totalRevenue": "8816500000.00",
            "totalOperatingExpenses": "-2265000000.00",
            "costOfRevenue": "5075500000.00",
            "totalOtherIncomeExpenseNet": "-80500000.00",
            "discontinuedOperations": null,
            "netIncomeFromContinuingOps": null,
            "netIncomeApplicableToCommonShares": null,
            "preferredStockAndOtherAdjustments": null
        },
        "2022-12-31": {
            "date": "2022-12-31",
            "filing_date": "2022-12-31",
            "currency_symbol": "EUR",
            "researchDevelopment": "793000000.00",
            "effectOfAccountingCharges": null,
            "incomeBeforeTax": "2603000000.00",
            "minorityInterest": null,
            "netIncome": "1958000000.00",
            "sellingGeneralAdministrative": "1500250000.00",
            "sellingAndMarketingExpenses": null,
            "grossProfit": "6857000000.00",
            "reconciledDepreciation": null,
            "ebit": "2735000000.00",
            "ebitda": "3474000000.00",
            "depreciationAndAmortization": "739000000.00",
            "nonOperatingIncomeNetOther": null,
            "operatingIncome": "2987000000.00",
            "otherOperatingExpenses": "15112000000.00",
            "interestExpense": "132000000.00",
            "taxProvision": "646000000.00",
            "interestIncome": "107000000.00",
            "netInterestIncome": null,
            "extraordinaryItems": null,
            "nonRecurring": null,
            "otherItems": null,
            "incomeTaxExpense": "615000000.00",
            "totalRevenue": "18099000000.00",
            "totalOperatingExpenses": "3870000000.00",
            "costOfRevenue": "11242000000.00",
            "totalOtherIncomeExpenseNet": "-384000000.00",
            "discontinuedOperations": null,
            "netIncomeFromContinuingOps": null,
            "netIncomeApplicableToCommonShares": "1958000000.00",
            "preferredStockAndOtherAdjustments": null
        },
        "2022-09-30": {
            "date": "2022-09-30",
            "filing_date": "2022-09-30",
            "currency_symbol": "EUR",
            "researchDevelopment": "434500000.00",
            "effectOfAccountingCharges": null,
            "incomeBeforeTax": "1315000000.00",
            "minorityInterest": null,
            "netIncome": "979000000.00",
            "sellingGeneralAdministrative": null,
            "sellingAndMarketingExpenses": null,
            "grossProfit": "3670500000.00",
            "reconciledDepreciation": null,
            "ebit": "1489000000.00",
            "ebitda": "1607000000.00",
            "depreciationAndAmortization": "118000000.00",
            "nonOperatingIncomeNetOther": null,
            "operatingIncome": "1489000000.00",
            "otherOperatingExpenses": "3062000000.00",
            "interestExpense": "38500000.00",
            "taxProvision": null,
            "interestIncome": null,
            "netInterestIncome": null,
            "extraordinaryItems": null,
            "nonRecurring": null,
            "otherItems": null,
            "incomeTaxExpense": "323000000.00",
            "totalRevenue": "9049500000.00",
            "totalOperatingExpenses": "-2317000000.00",
            "costOfRevenue": "5379000000.00",
            "totalOtherIncomeExpenseNet": "-174000000.00",
            "discontinuedOperations": null,
            "netIncomeFromContinuingOps": null,
            "netIncomeApplicableToCommonShares": "979000000.00",
            "preferredStockAndOtherAdjustments": null
        },
        "2022-06-30": {
            "date": "2022-06-30",
            "filing_date": "2022-06-30",
            "currency_symbol": "EUR",
            "researchDevelopment": "746000000.00",
            "effectOfAccountingCharges": null,
            "incomeBeforeTax": "2064000000.00",
            "minorityInterest": null,
            "netIncome": "1519000000.00",
            "sellingGeneralAdministrative": "3238000000.00",
            "sellingAndMarketingExpenses": null,
            "grossProfit": "6540000000.00",
            "reconciledDepreciation": null,
            "ebit": "2131000000.00",
            "ebitda": "2874000000.00",
            "depreciationAndAmortization": "743000000.00",
            "nonOperatingIncomeNetOther": null,
            "operatingIncome": "2556000000.00",
            "otherOperatingExpenses": "13521000000.00",
            "interestExpense": "67000000.00",
            "taxProvision": "565000000.00",
            "interestIncome": "57000000.00",
            "netInterestIncome": null,
            "extraordinaryItems": null,
            "nonRecurring": null,
            "otherItems": null,
            "incomeTaxExpense": "545000000.00",
            "totalRevenue": "16077000000.00",
            "totalOperatingExpenses": "3984000000.00",
            "costOfRevenue": "9537000000.00",
            "totalOtherIncomeExpenseNet": "-492000000.00",
            "discontinuedOperations": null,
            "netIncomeFromContinuingOps": null,
            "netIncomeApplicableToCommonShares": "759500000.00",
            "preferredStockAndOtherAdjustments": null
        },
        "2022-03-31": {
            "date": "2022-03-31",
            "filing_date": null,
            "currency_symbol": "EUR",
            "researchDevelopment": null,
            "effectOfAccountingCharges": null,
            "incomeBeforeTax": null,
            "minorityInterest": null,
            "netIncome": null,
            "sellingGeneralAdministrative": null,
            "sellingAndMarketingExpenses": null,
            "grossProfit": null,
            "reconciledDepreciation": null,
            "ebit": "1273000000.00",
            "ebitda": null,
            "depreciationAndAmortization": null,
            "nonOperatingIncomeNetOther": null,
            "operatingIncome": null,
            "otherOperatingExpenses": "6000000.00",
            "interestExpense": null,
            "taxProvision": null,
            "interestIncome": null,
            "netInterestIncome": null,
            "extraordinaryItems": null,
            "nonRecurring": null,
            "otherItems": null,
            "incomeTaxExpense": "282500000.00",
            "totalRevenue": null,
            "totalOperatingExpenses": null,
            "costOfRevenue": null,
            "totalOtherIncomeExpenseNet": null,
            "discontinuedOperations": null,
            "netIncomeFromContinuingOps": null,
            "netIncomeApplicableToCommonShares": "759500000.00",
            "preferredStockAndOtherAdjustments": null
        },
        "2021-12-31": {
            "date": "2021-12-31",
            "filing_date": "2021-12-31",
            "currency_symbol": "EUR",
            "researchDevelopment": "703000000.00",
            "effectOfAccountingCharges": null,
            "incomeBeforeTax": "2110000000.00",
            "minorityInterest": null,
            "netIncome": "1648000000.00",
            "sellingGeneralAdministrative": "1500250000.00",
            "sellingAndMarketingExpenses": null,
            "grossProfit": "6126000000.00",
            "reconciledDepreciation": null,
            "ebit": "2194000000.00",
            "ebitda": "2941000000.00",
            "depreciationAndAmortization": "747000000.00",
            "nonOperatingIncomeNetOther": null,
            "operatingIncome": "2389000000.00",
            "otherOperatingExpenses": "12742000000.00",
            "interestExpense": "84000000.00",
            "taxProvision": "482000000.00",
            "interestIncome": "63000000.00",
            "netInterestIncome": null,
            "extraordinaryItems": null,
            "nonRecurring": null,
            "otherItems": null,
            "incomeTaxExpense": "455000000.00",
            "totalRevenue": "15131000000.00",
            "totalOperatingExpenses": "3737000000.00",
            "costOfRevenue": "9005000000.00",
            "totalOtherIncomeExpenseNet": "-279000000.00",
            "discontinuedOperations": null,
            "netIncomeFromContinuingOps": null,
            "netIncomeApplicableToCommonShares": "824000000.00",
            "preferredStockAndOtherAdjustments": null
        },
        "2021-09-30": {
            "date": "2021-09-30",
            "filing_date": "2021-09-30",
            "currency_symbol": "EUR",
            "researchDevelopment": "213750000.00",
            "effectOfAccountingCharges": null,
            "incomeBeforeTax": "1038750000.00",
            "minorityInterest": null,
            "netIncome": "797250000.00",
            "sellingGeneralAdministrative": "1500250000.00",
            "sellingAndMarketingExpenses": null,
            "grossProfit": "2960750000.00",
            "reconciledDepreciation": null,
            "ebit": "1242000000.00",
            "ebitda": "1496250000.00",
            "depreciationAndAmortization": "254250000.00",
            "nonOperatingIncomeNetOther": null,
            "operatingIncome": "1242000000.00",
            "otherOperatingExpenses": "5984250000.00",
            "interestExpense": "44000000.00",
            "taxProvision": null,
            "interestIncome": null,
            "netInterestIncome": null,
            "extraordinaryItems": null,
            "nonRecurring": null,
            "otherItems": null,
            "incomeTaxExpense": "241500000.00",
            "totalRevenue": "7226250000.00",
            "totalOperatingExpenses": "-1718750000.00",
            "costOfRevenue": "4265500000.00",
            "totalOtherIncomeExpenseNet": "-203250000.00",
            "discontinuedOperations": null,
            "netIncomeFromContinuingOps": null,
            "netIncomeApplicableToCommonShares": "824000000.00",
            "preferredStockAndOtherAdjustments": null
        },
        "2021-06-30": {
            "date": "2021-06-30",
            "filing_date": "2021-06-30",
            "currency_symbol": "EUR",
            "researchDevelopment": "573000000.00",
            "effectOfAccountingCharges": null,
            "incomeBeforeTax": "2001000000.00",
            "minorityInterest": "3672000000.00",
            "netIncome": "1556000000.00",
            "sellingGeneralAdministrative": "1500250000.00",
            "sellingAndMarketingExpenses": null,
            "grossProfit": "5705000000.00",
            "reconciledDepreciation": null,
            "ebit": "2054000000.00",
            "ebitda": "2721000000.00",
            "depreciationAndAmortization": "667000000.00",
            "nonOperatingIncomeNetOther": null,
            "operatingIncome": "2165000000.00",
            "otherOperatingExpenses": "11609000000.00",
            "interestExpense": "53000000.00",
            "taxProvision": null,
            "interestIncome": null,
            "netInterestIncome": null,
            "extraordinaryItems": null,
            "nonRecurring": null,
            "otherItems": null,
            "incomeTaxExpense": "467000000.00",
            "totalRevenue": "13774000000.00",
            "totalOperatingExpenses": "3540000000.00",
            "costOfRevenue": "8069000000.00",
            "totalOtherIncomeExpenseNet": "-164000000.00",
            "discontinuedOperations": null,
            "netIncomeFromContinuingOps": null,
            "netIncomeApplicableToCommonShares": "778000000.00",
            "preferredStockAndOtherAdjustments": null
        },
        "2021-03-31": {
            "date": "2021-03-31",
            "filing_date": "2021-03-31",
            "currency_symbol": "EUR",
            "researchDevelopment": "213750000.00",
            "effectOfAccountingCharges": null,
            "incomeBeforeTax": "1038750000.00",
            "minorityInterest": "3672000000.00",
            "netIncome": "801000000.00",
            "sellingGeneralAdministrative": "1500250000.00",
            "sellingAndMarketingExpenses": null,
            "grossProfit": "2960750000.00",
            "reconciledDepreciation": null,
            "ebit": "1242000000.00",
            "ebitda": "1496250000.00",
            "depreciationAndAmortization": "254250000.00",
            "nonOperatingIncomeNetOther": null,
            "operatingIncome": "1242000000.00",
            "otherOperatingExpenses": "5984250000.00",
            "interestExpense": "44000000.00",
            "taxProvision": null,
            "interestIncome": null,
            "netInterestIncome": null,
            "extraordinaryItems": null,
            "nonRecurring": null,
            "otherItems": null,
            "incomeTaxExpense": "241500000.00",
            "totalRevenue": "7226250000.00",
            "totalOperatingExpenses": "-1718750000.00",
            "costOfRevenue": "4265500000.00",
            "totalOtherIncomeExpenseNet": "-203250000.00",
            "discontinuedOperations": null,
            "netIncomeFromContinuingOps": null,
            "netIncomeApplicableToCommonShares": "778000000.00",
            "preferredStockAndOtherAdjustments": null
        },
        "2020-12-31": {
            "date": "2020-12-31",
            "filing_date": "2020-12-31",
            "currency_symbol": "EUR",
            "researchDevelopment": "595000000.00",
            "effectOfAccountingCharges": null,
            "incomeBeforeTax": "1752000000.00",
            "minorityInterest": "3104000000.00",
            "netIncome": "1351000000.00",
            "sellingGeneralAdministrative": null,
            "sellingAndMarketingExpenses": null,
            "grossProfit": "5606000000.00",
            "reconciledDepreciation": null,
            "ebit": "1828000000.00",
            "ebitda": "2460000000.00",
            "depreciationAndAmortization": "632000000.00",
            "nonOperatingIncomeNetOther": null,
            "operatingIncome": "2200000000.00",
            "otherOperatingExpenses": "11384000000.00",
            "interestExpense": "76000000.00",
            "taxProvision": null,
            "interestIncome": null,
            "netInterestIncome": null,
            "extraordinaryItems": null,
            "nonRecurring": null,
            "otherItems": null,
            "incomeTaxExpense": "361000000.00",
            "totalRevenue": "13584000000.00",
            "totalOperatingExpenses": "3406000000.00",
            "costOfRevenue": "7978000000.00",
            "totalOtherIncomeExpenseNet": "-448000000.00",
            "discontinuedOperations": null,
            "netIncomeFromContinuingOps": null,
            "netIncomeApplicableToCommonShares": "675500000.00",
            "preferredStockAndOtherAdjustments": null
        },
        "2020-09-30": {
            "date": "2020-09-30",
            "filing_date": null,
            "currency_symbol": "EUR",
            "researchDevelopment": null,
            "effectOfAccountingCharges": null,
            "incomeBeforeTax": null,
            "minorityInterest": "3104000000.00",
            "netIncome": null,
            "sellingGeneralAdministrative": null,
            "sellingAndMarketingExpenses": null,
            "grossProfit": null,
            "reconciledDepreciation": null,
            "ebit": "1091000000.00",
            "ebitda": null,
            "depreciationAndAmortization": null,
            "nonOperatingIncomeNetOther": null,
            "operatingIncome": null,
            "otherOperatingExpenses": "12000000.00",
            "interestExpense": null,
            "taxProvision": null,
            "interestIncome": null,
            "netInterestIncome": null,
            "extraordinaryItems": null,
            "nonRecurring": null,
            "otherItems": null,
            "incomeTaxExpense": "195500000.00",
            "totalRevenue": null,
            "totalOperatingExpenses": null,
            "costOfRevenue": null,
            "totalOtherIncomeExpenseNet": null,
            "discontinuedOperations": null,
            "netIncomeFromContinuingOps": null,
            "netIncomeApplicableToCommonShares": "675500000.00",
            "preferredStockAndOtherAdjustments": null
        },
        "2020-06-30": {
            "date": "2020-06-30",
            "filing_date": "2020-06-30",
            "currency_symbol": "EUR",
            "researchDevelopment": "551000000.00",
            "effectOfAccountingCharges": null,
            "incomeBeforeTax": "1008000000.00",
            "minorityInterest": "1564000000.00",
            "netIncome": "775000000.00",
            "sellingGeneralAdministrative": null,
            "sellingAndMarketingExpenses": null,
            "grossProfit": "4721000000.00",
            "reconciledDepreciation": null,
            "ebit": "1143000000.00",
            "ebitda": "1721000000.00",
            "depreciationAndAmortization": "578000000.00",
            "nonOperatingIncomeNetOther": null,
            "operatingIncome": "1469000000.00",
            "otherOperatingExpenses": "10106000000.00",
            "interestExpense": "135000000.00",
            "taxProvision": null,
            "interestIncome": null,
            "netInterestIncome": null,
            "extraordinaryItems": null,
            "nonRecurring": null,
            "otherItems": null,
            "incomeTaxExpense": "227000000.00",
            "totalRevenue": "11575000000.00",
            "totalOperatingExpenses": "3252000000.00",
            "costOfRevenue": "6854000000.00",
            "totalOtherIncomeExpenseNet": "-461000000.00",
            "discontinuedOperations": null,
            "netIncomeFromContinuingOps": null,
            "netIncomeApplicableToCommonShares": "387500000.00",
            "preferredStockAndOtherAdjustments": null
        },
        "2020-03-31": {
            "date": "2020-03-31",
            "filing_date": null,
            "currency_symbol": "EUR",
            "researchDevelopment": null,
            "effectOfAccountingCharges": null,
            "incomeBeforeTax": null,
            "minorityInterest": "1564000000.00",
            "netIncome": null,
            "sellingGeneralAdministrative": null,
            "sellingAndMarketingExpenses": null,
            "grossProfit": null,
            "reconciledDepreciation": null,
            "ebit": null,
            "ebitda": null,
            "depreciationAndAmortization": null,
            "nonOperatingIncomeNetOther": null,
            "operatingIncome": null,
            "otherOperatingExpenses": "12000000.00",
            "interestExpense": null,
            "taxProvision": null,
            "interestIncome": null,
            "netInterestIncome": null,
            "extraordinaryItems": null,
            "nonRecurring": null,
            "otherItems": null,
            "incomeTaxExpense": "123500000.00",
            "totalRevenue": null,
            "totalOperatingExpenses": null,
            "costOfRevenue": null,
            "totalOtherIncomeExpenseNet": null,
            "discontinuedOperations": null,
            "netIncomeFromContinuingOps": null,
            "netIncomeApplicableToCommonShares": "387500000.00",
            "preferredStockAndOtherAdjustments": null
        },
        "2019-12-31": {
            "date": "2019-12-31",
            "filing_date": "2019-12-31",
            "currency_symbol": "EUR",
            "researchDevelopment": "577000000.00",
            "effectOfAccountingCharges": null,
            "incomeBeforeTax": "1819000000.00",
            "minorityInterest": "1579000000.00",
            "netIncome": "1420000000.00",
            "sellingGeneralAdministrative": "1475500000.00",
            "sellingAndMarketingExpenses": null,
            "grossProfit": "5659000000.00",
            "reconciledDepreciation": null,
            "ebit": "1929000000.00",
            "ebitda": "2536000000.00",
            "depreciationAndAmortization": "607000000.00",
            "nonOperatingIncomeNetOther": null,
            "operatingIncome": "2159000000.00",
            "otherOperatingExpenses": "11797000000.00",
            "interestExpense": "110000000.00",
            "taxProvision": null,
            "interestIncome": null,
            "netInterestIncome": null,
            "extraordinaryItems": null,
            "nonRecurring": null,
            "otherItems": null,
            "incomeTaxExpense": "370000000.00",
            "totalRevenue": "13956000000.00",
            "totalOperatingExpenses": "3500000000.00",
            "costOfRevenue": "8297000000.00",
            "totalOtherIncomeExpenseNet": "-340000000.00",
            "discontinuedOperations": "-3500000.00",
            "netIncomeFromContinuingOps": "743000000.00",
            "netIncomeApplicableToCommonShares": "710000000.00",
            "preferredStockAndOtherAdjustments": null
        },
        "2019-09-30": {
            "date": "2019-09-30",
            "filing_date": null,
            "currency_symbol": "EUR",
            "researchDevelopment": "166000000.00",
            "effectOfAccountingCharges": null,
            "incomeBeforeTax": "945000000.00",
            "minorityInterest": "1579000000.00",
            "netIncome": "710000000.00",
            "sellingGeneralAdministrative": "1475500000.00",
            "sellingAndMarketingExpenses": null,
            "grossProfit": "2766500000.00",
            "reconciledDepreciation": null,
            "ebit": "1091500000.00",
            "ebitda": null,
            "depreciationAndAmortization": null,
            "nonOperatingIncomeNetOther": null,
            "operatingIncome": "1091500000.00",
            "otherOperatingExpenses": "9000000.00",
            "interestExpense": "45000000.00",
            "taxProvision": null,
            "interestIncome": null,
            "netInterestIncome": null,
            "extraordinaryItems": null,
            "nonRecurring": null,
            "otherItems": null,
            "incomeTaxExpense": "202000000.00",
            "totalRevenue": "6978000000.00",
            "totalOperatingExpenses": "5886500000.00",
            "costOfRevenue": "4211500000.00",
            "totalOtherIncomeExpenseNet": "-146500000.00",
            "discontinuedOperations": "-3500000.00",
            "netIncomeFromContinuingOps": "743000000.00",
            "netIncomeApplicableToCommonShares": "710000000.00",
            "preferredStockAndOtherAdjustments": null
        },
        "2019-06-30": {
            "date": "2019-06-30",
            "filing_date": "2019-06-30",
            "currency_symbol": "EUR",
            "researchDevelopment": "542000000.00",
            "effectOfAccountingCharges": null,
            "incomeBeforeTax": "1265000000.00",
            "minorityInterest": "1541000000.00",
            "netIncome": "993000000.00",
            "sellingGeneralAdministrative": "1460000000.00",
            "sellingAndMarketingExpenses": null,
            "grossProfit": "5311000000.00",
            "reconciledDepreciation": "43250000.00",
            "ebit": "1401000000.00",
            "ebitda": "1969000000.00",
            "depreciationAndAmortization": "568000000.00",
            "nonOperatingIncomeNetOther": null,
            "operatingIncome": "1852000000.00",
            "otherOperatingExpenses": "11350000000.00",
            "interestExpense": "136000000.00",
            "taxProvision": null,
            "interestIncome": null,
            "netInterestIncome": null,
            "extraordinaryItems": null,
            "nonRecurring": null,
            "otherItems": null,
            "incomeTaxExpense": "266000000.00",
            "totalRevenue": "13202000000.00",
            "totalOperatingExpenses": "3459000000.00",
            "costOfRevenue": "7891000000.00",
            "totalOtherIncomeExpenseNet": "-587000000.00",
            "discontinuedOperations": "2000000.00",
            "netIncomeFromContinuingOps": "520000000.00",
            "netIncomeApplicableToCommonShares": "496500000.00",
            "preferredStockAndOtherAdjustments": null
        },
        "2019-03-31": {
            "date": "2019-03-31",
            "filing_date": "2019-03-31",
            "currency_symbol": "EUR",
            "researchDevelopment": "164250000.00",
            "effectOfAccountingCharges": null,
            "incomeBeforeTax": "784500000.00",
            "minorityInterest": "1541000000.00",
            "netIncome": "603250000.00",
            "sellingGeneralAdministrative": "1460000000.00",
            "sellingAndMarketingExpenses": null,
            "grossProfit": "2683750000.00",
            "reconciledDepreciation": "43250000.00",
            "ebit": "817750000.00",
            "ebitda": "861000000.00",
            "depreciationAndAmortization": "43250000.00",
            "nonOperatingIncomeNetOther": null,
            "operatingIncome": "1010500000.00",
            "otherOperatingExpenses": "5779000000.00",
            "interestExpense": "42000000.00",
            "taxProvision": null,
            "interestIncome": null,
            "netInterestIncome": null,
            "extraordinaryItems": null,
            "nonRecurring": null,
            "otherItems": null,
            "incomeTaxExpense": "172500000.00",
            "totalRevenue": "6789500000.00",
            "totalOperatingExpenses": "5750000.00",
            "costOfRevenue": "4105750000.00",
            "totalOtherIncomeExpenseNet": "226000000.00",
            "discontinuedOperations": "2000000.00",
            "netIncomeFromContinuingOps": "520000000.00",
            "netIncomeApplicableToCommonShares": "496500000.00",
            "preferredStockAndOtherAdjustments": null
        },
        "2018-12-31": {
            "date": "2018-12-31",
            "filing_date": "2018-12-31",
            "currency_symbol": "EUR",
            "researchDevelopment": "670000000.00",
            "effectOfAccountingCharges": null,
            "incomeBeforeTax": "1731000000.00",
            "minorityInterest": "1482000000.00",
            "netIncome": "1302000000.00",
            "sellingGeneralAdministrative": "1460000000.00",
            "sellingAndMarketingExpenses": null,
            "grossProfit": "5225000000.00",
            "reconciledDepreciation": "43250000.00",
            "ebit": "1987000000.00",
            "ebitda": "2275000000.00",
            "depreciationAndAmortization": "288000000.00",
            "nonOperatingIncomeNetOther": null,
            "operatingIncome": "1987000000.00",
            "otherOperatingExpenses": "11589000000.00",
            "interestExpense": "42000000.00",
            "taxProvision": null,
            "interestIncome": null,
            "netInterestIncome": null,
            "extraordinaryItems": null,
            "nonRecurring": null,
            "otherItems": null,
            "incomeTaxExpense": "375000000.00",
            "totalRevenue": "13403000000.00",
            "totalOperatingExpenses": "3411000000.00",
            "costOfRevenue": "8178000000.00",
            "totalOtherIncomeExpenseNet": "-256000000.00",
            "discontinuedOperations": "6000000.00",
            "netIncomeFromContinuingOps": "678000000.00",
            "netIncomeApplicableToCommonShares": "657000000.00",
            "preferredStockAndOtherAdjustments": null
        },
        "2018-09-30": {
            "date": "2018-09-30",
            "filing_date": null,
            "currency_symbol": "EUR",
            "researchDevelopment": "159500000.00",
            "effectOfAccountingCharges": null,
            "incomeBeforeTax": "865500000.00",
            "minorityInterest": "1482000000.00",
            "netIncome": "657000000.00",
            "sellingGeneralAdministrative": "1416000000.00",
            "sellingAndMarketingExpenses": null,
            "grossProfit": "2612500000.00",
            "reconciledDepreciation": null,
            "ebit": "994500000.00",
            "ebitda": null,
            "depreciationAndAmortization": null,
            "nonOperatingIncomeNetOther": null,
            "operatingIncome": "994500000.00",
            "otherOperatingExpenses": "6500000.00",
            "interestExpense": "55000000.00",
            "taxProvision": null,
            "interestIncome": null,
            "netInterestIncome": null,
            "extraordinaryItems": null,
            "nonRecurring": null,
            "otherItems": null,
            "incomeTaxExpense": "187500000.00",
            "totalRevenue": "6701500000.00",
            "totalOperatingExpenses": "5707000000.00",
            "costOfRevenue": "4089000000.00",
            "totalOtherIncomeExpenseNet": "-129000000.00",
            "discontinuedOperations": "6000000.00",
            "netIncomeFromContinuingOps": "678000000.00",
            "netIncomeApplicableToCommonShares": "657000000.00",
            "preferredStockAndOtherAdjustments": null
        },
        "2018-06-30": {
            "date": "2018-06-30",
            "filing_date": "2018-06-30",
            "currency_symbol": "EUR",
            "researchDevelopment": "623000000.00",
            "effectOfAccountingCharges": null,
            "incomeBeforeTax": "1416000000.00",
            "minorityInterest": "1524000000.00",
            "netIncome": "1055000000.00",
            "sellingGeneralAdministrative": "1393000000.00",
            "sellingAndMarketingExpenses": null,
            "grossProfit": "4818000000.00",
            "reconciledDepreciation": "42750000.00",
            "ebit": "1653000000.00",
            "ebitda": "1922000000.00",
            "depreciationAndAmortization": "269000000.00",
            "nonOperatingIncomeNetOther": null,
            "operatingIncome": "1653000000.00",
            "otherOperatingExpenses": "10803000000.00",
            "interestExpense": "58750000.00",
            "taxProvision": null,
            "interestIncome": null,
            "netInterestIncome": null,
            "extraordinaryItems": null,
            "nonRecurring": null,
            "otherItems": null,
            "incomeTaxExpense": "318000000.00",
            "totalRevenue": "12317000000.00",
            "totalOperatingExpenses": "3304000000.00",
            "costOfRevenue": "7499000000.00",
            "totalOtherIncomeExpenseNet": "-237000000.00",
            "discontinuedOperations": "-17500000.00",
            "netIncomeFromContinuingOps": "549000000.00",
            "netIncomeApplicableToCommonShares": "510000000.00",
            "preferredStockAndOtherAdjustments": null
        },
        "2018-03-31": {
            "date": "2018-03-31",
            "filing_date": "2018-03-31",
            "currency_symbol": "EUR",
            "researchDevelopment": "149250000.00",
            "effectOfAccountingCharges": null,
            "incomeBeforeTax": "771500000.00",
            "minorityInterest": "1524000000.00",
            "netIncome": "583500000.00",
            "sellingGeneralAdministrative": "1393000000.00",
            "sellingAndMarketingExpenses": null,
            "grossProfit": "2510750000.00",
            "reconciledDepreciation": "42750000.00",
            "ebit": "815500000.00",
            "ebitda": "858250000.00",
            "depreciationAndAmortization": "42750000.00",
            "nonOperatingIncomeNetOther": null,
            "operatingIncome": "925750000.00",
            "otherOperatingExpenses": "5504250000.00",
            "interestExpense": "58750000.00",
            "taxProvision": null,
            "interestIncome": null,
            "netInterestIncome": null,
            "extraordinaryItems": null,
            "nonRecurring": null,
            "otherItems": null,
            "incomeTaxExpense": "173250000.00",
            "totalRevenue": "6430000000.00",
            "totalOperatingExpenses": "1585000000.00",
            "costOfRevenue": "3919250000.00",
            "totalOtherIncomeExpenseNet": "154250000.00",
            "discontinuedOperations": "-17500000.00",
            "netIncomeFromContinuingOps": "549000000.00",
            "netIncomeApplicableToCommonShares": "510000000.00",
            "preferredStockAndOtherAdjustments": null
        },
        "2017-12-31": {
            "date": "2017-12-31",
            "filing_date": "2017-12-31",
            "currency_symbol": "EUR",
            "researchDevelopment": "630000000.00",
            "effectOfAccountingCharges": null,
            "incomeBeforeTax": "1482000000.00",
            "minorityInterest": "145000000.00",
            "netIncome": "1210000000.00",
            "sellingGeneralAdministrative": "1393000000.00",
            "sellingAndMarketingExpenses": null,
            "grossProfit": "4783000000.00",
            "reconciledDepreciation": "42750000.00",
            "ebit": "1722000000.00",
            "ebitda": "1941000000.00",
            "depreciationAndAmortization": "219000000.00",
            "nonOperatingIncomeNetOther": null,
            "operatingIncome": "1883000000.00",
            "otherOperatingExpenses": "10985000000.00",
            "interestExpense": "58750000.00",
            "taxProvision": null,
            "interestIncome": null,
            "netInterestIncome": null,
            "extraordinaryItems": null,
            "nonRecurring": null,
            "otherItems": null,
            "incomeTaxExpense": "239000000.00",
            "totalRevenue": "12570000000.00",
            "totalOperatingExpenses": "3198000000.00",
            "costOfRevenue": "7787000000.00",
            "totalOtherIncomeExpenseNet": "-401000000.00",
            "discontinuedOperations": "-9000000.00",
            "netIncomeFromContinuingOps": "621500000.00",
            "netIncomeApplicableToCommonShares": "596000000.00",
            "preferredStockAndOtherAdjustments": null
        },
        "2017-09-30": {
            "date": "2017-09-30",
            "filing_date": null,
            "currency_symbol": "EUR",
            "researchDevelopment": "119000000.00",
            "effectOfAccountingCharges": null,
            "incomeBeforeTax": "741000000.00",
            "minorityInterest": "145000000.00",
            "netIncome": "596000000.00",
            "sellingGeneralAdministrative": "1321000000.00",
            "sellingAndMarketingExpenses": null,
            "grossProfit": "2391500000.00",
            "reconciledDepreciation": null,
            "ebit": "941500000.00",
            "ebitda": null,
            "depreciationAndAmortization": null,
            "nonOperatingIncomeNetOther": null,
            "operatingIncome": "941500000.00",
            "otherOperatingExpenses": "18000000.00",
            "interestExpense": "62500000.00",
            "taxProvision": null,
            "interestIncome": null,
            "netInterestIncome": null,
            "extraordinaryItems": null,
            "nonRecurring": null,
            "otherItems": null,
            "incomeTaxExpense": "119500000.00",
            "totalRevenue": "6285000000.00",
            "totalOperatingExpenses": "5343500000.00",
            "costOfRevenue": "3893500000.00",
            "totalOtherIncomeExpenseNet": "-200500000.00",
            "discontinuedOperations": "-9000000.00",
            "netIncomeFromContinuingOps": "621500000.00",
            "netIncomeApplicableToCommonShares": "596000000.00",
            "preferredStockAndOtherAdjustments": null
        },
        "2017-06-30": {
            "date": "2017-06-30",
            "filing_date": "2017-06-30",
            "currency_symbol": "EUR",
            "researchDevelopment": "596000000.00",
            "effectOfAccountingCharges": null,
            "incomeBeforeTax": "1422000000.00",
            "minorityInterest": "150000000.00",
            "netIncome": "1034000000.00",
            "sellingGeneralAdministrative": "1336500000.00",
            "sellingAndMarketingExpenses": null,
            "grossProfit": "4715000000.00",
            "reconciledDepreciation": "29250000.00",
            "ebit": "1582000000.00",
            "ebitda": "1864000000.00",
            "depreciationAndAmortization": "282000000.00",
            "nonOperatingIncomeNetOther": null,
            "operatingIncome": "1582000000.00",
            "otherOperatingExpenses": "10637000000.00",
            "interestExpense": "67500000.00",
            "taxProvision": null,
            "interestIncome": null,
            "netInterestIncome": null,
            "extraordinaryItems": null,
            "nonRecurring": null,
            "otherItems": null,
            "incomeTaxExpense": "361000000.00",
            "totalRevenue": "12173000000.00",
            "totalOperatingExpenses": "3179000000.00",
            "costOfRevenue": "7458000000.00",
            "totalOtherIncomeExpenseNet": "-160000000.00",
            "discontinuedOperations": "-38000000.00",
            "netIncomeFromContinuingOps": "530500000.00",
            "netIncomeApplicableToCommonShares": "479000000.00",
            "preferredStockAndOtherAdjustments": null
        },
        "2017-03-31": {
            "date": "2017-03-31",
            "filing_date": "2017-03-31",
            "currency_symbol": "EUR",
            "researchDevelopment": "125250000.00",
            "effectOfAccountingCharges": null,
            "incomeBeforeTax": "710750000.00",
            "minorityInterest": "150000000.00",
            "netIncome": "537500000.00",
            "sellingGeneralAdministrative": "1336500000.00",
            "sellingAndMarketingExpenses": null,
            "grossProfit": "2374500000.00",
            "reconciledDepreciation": "29250000.00",
            "ebit": "755000000.00",
            "ebitda": "784250000.00",
            "depreciationAndAmortization": "29250000.00",
            "nonOperatingIncomeNetOther": null,
            "operatingIncome": "883500000.00",
            "otherOperatingExpenses": "5302250000.00",
            "interestExpense": "67500000.00",
            "taxProvision": null,
            "interestIncome": null,
            "netInterestIncome": null,
            "extraordinaryItems": null,
            "nonRecurring": null,
            "otherItems": null,
            "incomeTaxExpense": "150000000.00",
            "totalRevenue": "6185750000.00",
            "totalOperatingExpenses": "-13000000.00",
            "costOfRevenue": "3811250000.00",
            "totalOtherIncomeExpenseNet": "172750000.00",
            "discontinuedOperations": "-38000000.00",
            "netIncomeFromContinuingOps": "530500000.00",
            "netIncomeApplicableToCommonShares": "479000000.00",
            "preferredStockAndOtherAdjustments": null
        },
        "2016-12-31": {
            "date": "2016-12-31",
            "filing_date": "2016-12-31",
            "currency_symbol": "EUR",
            "researchDevelopment": "663000000.00",
            "effectOfAccountingCharges": null,
            "incomeBeforeTax": "1415000000.00",
            "minorityInterest": "159000000.00",
            "netIncome": "944000000.00",
            "sellingGeneralAdministrative": "1336500000.00",
            "sellingAndMarketingExpenses": null,
            "grossProfit": "4841000000.00",
            "reconciledDepreciation": "29250000.00",
            "ebit": "1805000000.00",
            "ebitda": "2025000000.00",
            "depreciationAndAmortization": "220000000.00",
            "nonOperatingIncomeNetOther": null,
            "operatingIncome": "1805000000.00",
            "otherOperatingExpenses": "11167000000.00",
            "interestExpense": "67500000.00",
            "taxProvision": null,
            "interestIncome": null,
            "netInterestIncome": null,
            "extraordinaryItems": null,
            "nonRecurring": null,
            "otherItems": null,
            "incomeTaxExpense": "440000000.00",
            "totalRevenue": "12717000000.00",
            "totalOperatingExpenses": "3291000000.00",
            "costOfRevenue": "7876000000.00",
            "totalOtherIncomeExpenseNet": "-390000000.00",
            "discontinuedOperations": "-38000000.00",
            "netIncomeFromContinuingOps": "486000000.00",
            "netIncomeApplicableToCommonShares": "470500000.00",
            "preferredStockAndOtherAdjustments": null
        },
        "2016-09-30": {
            "date": "2016-09-30",
            "filing_date": null,
            "currency_symbol": "EUR",
            "researchDevelopment": "136000000.00",
            "effectOfAccountingCharges": null,
            "incomeBeforeTax": "704500000.00",
            "minorityInterest": "159000000.00",
            "netIncome": "470500000.00",
            "sellingGeneralAdministrative": "1358500000.00",
            "sellingAndMarketingExpenses": null,
            "grossProfit": "2431000000.00",
            "reconciledDepreciation": null,
            "ebit": "901500000.00",
            "ebitda": null,
            "depreciationAndAmortization": null,
            "nonOperatingIncomeNetOther": null,
            "operatingIncome": "901500000.00",
            "otherOperatingExpenses": "18000000.00",
            "interestExpense": "74500000.00",
            "taxProvision": null,
            "interestIncome": null,
            "netInterestIncome": null,
            "extraordinaryItems": null,
            "nonRecurring": null,
            "otherItems": null,
            "incomeTaxExpense": "218500000.00",
            "totalRevenue": "6423500000.00",
            "totalOperatingExpenses": "5522000000.00",
            "costOfRevenue": "3992500000.00",
            "totalOtherIncomeExpenseNet": "-197000000.00",
            "discontinuedOperations": "-38000000.00",
            "netIncomeFromContinuingOps": "486000000.00",
            "netIncomeApplicableToCommonShares": "470500000.00",
            "preferredStockAndOtherAdjustments": null
        },
        "2016-06-30": {
            "date": "2016-06-30",
            "filing_date": "2016-06-30",
            "currency_symbol": "EUR",
            "researchDevelopment": "555000000.00",
            "effectOfAccountingCharges": null,
            "incomeBeforeTax": "1132000000.00",
            "minorityInterest": null,
            "netIncome": "823000000.00",
            "sellingGeneralAdministrative": "1343750000.00",
            "sellingAndMarketingExpenses": null,
            "grossProfit": "4517000000.00",
            "reconciledDepreciation": "38250000.00",
            "ebit": "1468000000.00",
            "ebitda": "1783000000.00",
            "depreciationAndAmortization": "315000000.00",
            "nonOperatingIncomeNetOther": null,
            "operatingIncome": "1468000000.00",
            "otherOperatingExpenses": "10478000000.00",
            "interestExpense": "78250000.00",
            "taxProvision": null,
            "interestIncome": null,
            "netInterestIncome": null,
            "extraordinaryItems": null,
            "nonRecurring": null,
            "otherItems": null,
            "incomeTaxExpense": "279000000.00",
            "totalRevenue": "11742000000.00",
            "totalOperatingExpenses": "3253000000.00",
            "costOfRevenue": "7225000000.00",
            "totalOtherIncomeExpenseNet": "-336000000.00",
            "discontinuedOperations": null,
            "netIncomeFromContinuingOps": null,
            "netIncomeApplicableToCommonShares": null,
            "preferredStockAndOtherAdjustments": null
        },
        "2016-03-31": {
            "date": "2016-03-31",
            "filing_date": "2016-03-31",
            "currency_symbol": "EUR",
            "researchDevelopment": "133750000.00",
            "effectOfAccountingCharges": null,
            "incomeBeforeTax": "622250000.00",
            "minorityInterest": null,
            "netIncome": "437500000.00",
            "sellingGeneralAdministrative": "1343750000.00",
            "sellingAndMarketingExpenses": null,
            "grossProfit": "2347500000.00",
            "reconciledDepreciation": "38250000.00",
            "ebit": "693750000.00",
            "ebitda": "732000000.00",
            "depreciationAndAmortization": "38250000.00",
            "nonOperatingIncomeNetOther": null,
            "operatingIncome": "831750000.00",
            "otherOperatingExpenses": "5341500000.00",
            "interestExpense": "78250000.00",
            "taxProvision": null,
            "interestIncome": null,
            "netInterestIncome": null,
            "extraordinaryItems": null,
            "nonRecurring": null,
            "otherItems": null,
            "incomeTaxExpense": "178000000.00",
            "totalRevenue": "6173250000.00",
            "totalOperatingExpenses": "-23500000.00",
            "costOfRevenue": "3825750000.00",
            "totalOtherIncomeExpenseNet": "209500000.00",
            "discontinuedOperations": null,
            "netIncomeFromContinuingOps": null,
            "netIncomeApplicableToCommonShares": null,
            "preferredStockAndOtherAdjustments": null
        },
        "2015-12-31": {
            "date": "2015-12-31",
            "filing_date": "2015-12-31",
            "currency_symbol": "EUR",
            "researchDevelopment": "363000000.00",
            "effectOfAccountingCharges": null,
            "incomeBeforeTax": "889000000.00",
            "minorityInterest": null,
            "netIncome": "688000000.00",
            "sellingGeneralAdministrative": "1343750000.00",
            "sellingAndMarketingExpenses": null,
            "grossProfit": "5093000000.00",
            "reconciledDepreciation": "38250000.00",
            "ebit": "1851000000.00",
            "ebitda": "2058000000.00",
            "depreciationAndAmortization": "207000000.00",
            "nonOperatingIncomeNetOther": null,
            "operatingIncome": "1851000000.00",
            "otherOperatingExpenses": "12760000000.00",
            "interestExpense": "78250000.00",
            "taxProvision": null,
            "interestIncome": null,
            "netInterestIncome": null,
            "extraordinaryItems": null,
            "nonRecurring": null,
            "otherItems": null,
            "incomeTaxExpense": "158000000.00",
            "totalRevenue": "13792000000.00",
            "totalOperatingExpenses": "4061000000.00",
            "costOfRevenue": "8699000000.00",
            "totalOtherIncomeExpenseNet": "-962000000.00",
            "discontinuedOperations": null,
            "netIncomeFromContinuingOps": null,
            "netIncomeApplicableToCommonShares": null,
            "preferredStockAndOtherAdjustments": null
        },
        "2015-09-30": {
            "date": "2015-09-30",
            "filing_date": "2015-09-30",
            "currency_symbol": "EUR",
            "researchDevelopment": "141250000.00",
            "effectOfAccountingCharges": null,
            "incomeBeforeTax": "445750000.00",
            "minorityInterest": null,
            "netIncome": "351750000.00",
            "sellingGeneralAdministrative": "1409750000.00",
            "sellingAndMarketingExpenses": null,
            "grossProfit": "2461250000.00",
            "reconciledDepreciation": "69250000.00",
            "ebit": "532750000.00",
            "ebitda": "602000000.00",
            "depreciationAndAmortization": "69250000.00",
            "nonOperatingIncomeNetOther": null,
            "operatingIncome": "841000000.00",
            "otherOperatingExpenses": "5819000000.00",
            "interestExpense": "83750000.00",
            "taxProvision": null,
            "interestIncome": null,
            "netInterestIncome": null,
            "extraordinaryItems": null,
            "nonRecurring": null,
            "otherItems": null,
            "incomeTaxExpense": "97250000.00",
            "totalRevenue": "6660000000.00",
            "totalOperatingExpenses": "41750000.00",
            "costOfRevenue": "4198750000.00",
            "totalOtherIncomeExpenseNet": "395250000.00",
            "discontinuedOperations": null,
            "netIncomeFromContinuingOps": null,
            "netIncomeApplicableToCommonShares": null,
            "preferredStockAndOtherAdjustments": null
        },
        "2015-06-30": {
            "date": "2015-06-30",
            "filing_date": "2015-06-30",
            "currency_symbol": "EUR",
            "researchDevelopment": "584000000.00",
            "effectOfAccountingCharges": null,
            "incomeBeforeTax": "1003000000.00",
            "minorityInterest": null,
            "netIncome": "719000000.00",
            "sellingGeneralAdministrative": "1409750000.00",
            "sellingAndMarketingExpenses": null,
            "grossProfit": "4752000000.00",
            "reconciledDepreciation": "69250000.00",
            "ebit": "1437000000.00",
            "ebitda": "1813000000.00",
            "depreciationAndAmortization": "376000000.00",
            "nonOperatingIncomeNetOther": null,
            "operatingIncome": "1437000000.00",
            "otherOperatingExpenses": "11693000000.00",
            "interestExpense": "83750000.00",
            "taxProvision": null,
            "interestIncome": null,
            "netInterestIncome": null,
            "extraordinaryItems": null,
            "nonRecurring": null,
            "otherItems": null,
            "incomeTaxExpense": "231000000.00",
            "totalRevenue": "12848000000.00",
            "totalOperatingExpenses": "3597000000.00",
            "costOfRevenue": "8096000000.00",
            "totalOtherIncomeExpenseNet": "-434000000.00",
            "discontinuedOperations": null,
            "netIncomeFromContinuingOps": null,
            "netIncomeApplicableToCommonShares": null,
            "preferredStockAndOtherAdjustments": null
        },
        "2015-03-31": {
            "date": "2015-03-31",
            "filing_date": "2015-03-31",
            "currency_symbol": "EUR",
            "researchDevelopment": "141250000.00",
            "effectOfAccountingCharges": null,
            "incomeBeforeTax": "445750000.00",
            "minorityInterest": null,
            "netIncome": "351750000.00",
            "sellingGeneralAdministrative": "1409750000.00",
            "sellingAndMarketingExpenses": null,
            "grossProfit": "2461250000.00",
            "reconciledDepreciation": "69250000.00",
            "ebit": "532750000.00",
            "ebitda": "602000000.00",
            "depreciationAndAmortization": "69250000.00",
            "nonOperatingIncomeNetOther": null,
            "operatingIncome": "841000000.00",
            "otherOperatingExpenses": "5819000000.00",
            "interestExpense": "83750000.00",
            "taxProvision": null,
            "interestIncome": null,
            "netInterestIncome": null,
            "extraordinaryItems": null,
            "nonRecurring": null,
            "otherItems": null,
            "incomeTaxExpense": "97250000.00",
            "totalRevenue": "6660000000.00",
            "totalOperatingExpenses": "41750000.00",
            "costOfRevenue": "4198750000.00",
            "totalOtherIncomeExpenseNet": "395250000.00",
            "discontinuedOperations": null,
            "netIncomeFromContinuingOps": null,
            "netIncomeApplicableToCommonShares": null,
            "preferredStockAndOtherAdjustments": null
        },
        "2014-12-31": {
            "date": "2014-12-31",
            "filing_date": "2014-12-31",
            "currency_symbol": "EUR",
            "researchDevelopment": "380000000.00",
            "effectOfAccountingCharges": null,
            "incomeBeforeTax": "1389000000.00",
            "minorityInterest": null,
            "netIncome": "1021000000.00",
            "sellingGeneralAdministrative": "1409750000.00",
            "sellingAndMarketingExpenses": null,
            "grossProfit": "4950000000.00",
            "reconciledDepreciation": "69250000.00",
            "ebit": "1732000000.00",
            "ebitda": "2045000000.00",
            "depreciationAndAmortization": "313000000.00",
            "nonOperatingIncomeNetOther": null,
            "operatingIncome": "1732000000.00",
            "otherOperatingExpenses": "11685000000.00",
            "interestExpense": "83750000.00",
            "taxProvision": null,
            "interestIncome": null,
            "netInterestIncome": null,
            "extraordinaryItems": null,
            "nonRecurring": null,
            "otherItems": null,
            "incomeTaxExpense": "310000000.00",
            "totalRevenue": "13239000000.00",
            "totalOperatingExpenses": "3396000000.00",
            "costOfRevenue": "8289000000.00",
            "totalOtherIncomeExpenseNet": "-343000000.00",
            "discontinuedOperations": null,
            "netIncomeFromContinuingOps": null,
            "netIncomeApplicableToCommonShares": null,
            "preferredStockAndOtherAdjustments": null
        },
        "2014-09-30": {
            "date": "2014-09-30",
            "filing_date": "2014-09-30",
            "currency_symbol": "EUR",
            "researchDevelopment": "141750000.00",
            "effectOfAccountingCharges": null,
            "incomeBeforeTax": "607250000.00",
            "minorityInterest": null,
            "netIncome": "485250000.00",
            "sellingGeneralAdministrative": "1344250000.00",
            "sellingAndMarketingExpenses": null,
            "grossProfit": "2351750000.00",
            "reconciledDepreciation": "64750000.00",
            "ebit": "708000000.00",
            "ebitda": "772750000.00",
            "depreciationAndAmortization": "64750000.00",
            "nonOperatingIncomeNetOther": null,
            "operatingIncome": "801000000.00",
            "otherOperatingExpenses": "5433750000.00",
            "interestExpense": "85000000.00",
            "taxProvision": null,
            "interestIncome": null,
            "netInterestIncome": null,
            "extraordinaryItems": null,
            "nonRecurring": null,
            "otherItems": null,
            "incomeTaxExpense": "137750000.00",
            "totalRevenue": "6234750000.00",
            "totalOperatingExpenses": "-6500000.00",
            "costOfRevenue": "3883000000.00",
            "totalOtherIncomeExpenseNet": "193750000.00",
            "discontinuedOperations": null,
            "netIncomeFromContinuingOps": null,
            "netIncomeApplicableToCommonShares": null,
            "preferredStockAndOtherAdjustments": null
        },
        "2014-06-30": {
            "date": "2014-06-30",
            "filing_date": "2014-06-30",
            "currency_symbol": "EUR",
            "researchDevelopment": "522000000.00",
            "effectOfAccountingCharges": null,
            "incomeBeforeTax": "1054000000.00",
            "minorityInterest": null,
            "netIncome": "751000000.00",
            "sellingGeneralAdministrative": "1344250000.00",
            "sellingAndMarketingExpenses": null,
            "grossProfit": "4457000000.00",
            "reconciledDepreciation": "64750000.00",
            "ebit": "1329000000.00",
            "ebitda": "1681000000.00",
            "depreciationAndAmortization": "352000000.00",
            "nonOperatingIncomeNetOther": null,
            "operatingIncome": "1329000000.00",
            "otherOperatingExpenses": "10503000000.00",
            "interestExpense": "85000000.00",
            "taxProvision": null,
            "interestIncome": null,
            "netInterestIncome": null,
            "extraordinaryItems": null,
            "nonRecurring": null,
            "otherItems": null,
            "incomeTaxExpense": "241000000.00",
            "totalRevenue": "11700000000.00",
            "totalOperatingExpenses": "3260000000.00",
            "costOfRevenue": "7243000000.00",
            "totalOtherIncomeExpenseNet": "-275000000.00",
            "discontinuedOperations": null,
            "netIncomeFromContinuingOps": null,
            "netIncomeApplicableToCommonShares": null,
            "preferredStockAndOtherAdjustments": null
        },
        "2014-03-31": {
            "date": "2014-03-31",
            "filing_date": "2014-03-31",
            "currency_symbol": "EUR",
            "researchDevelopment": "141750000.00",
            "effectOfAccountingCharges": null,
            "incomeBeforeTax": "607250000.00",
            "minorityInterest": null,
            "netIncome": "485250000.00",
            "sellingGeneralAdministrative": "1344250000.00",
            "sellingAndMarketingExpenses": null,
            "grossProfit": "2351750000.00",
            "reconciledDepreciation": "64750000.00",
            "ebit": "708000000.00",
            "ebitda": "772750000.00",
            "depreciationAndAmortization": "64750000.00",
            "nonOperatingIncomeNetOther": null,
            "operatingIncome": "801000000.00",
            "otherOperatingExpenses": "5433750000.00",
            "interestExpense": "85000000.00",
            "taxProvision": null,
            "interestIncome": null,
            "netInterestIncome": null,
            "extraordinaryItems": null,
            "nonRecurring": null,
            "otherItems": null,
            "incomeTaxExpense": "137750000.00",
            "totalRevenue": "6234750000.00",
            "totalOperatingExpenses": "-6500000.00",
            "costOfRevenue": "3883000000.00",
            "totalOtherIncomeExpenseNet": "193750000.00",
            "discontinuedOperations": null,
            "netIncomeFromContinuingOps": null,
            "netIncomeApplicableToCommonShares": null,
            "preferredStockAndOtherAdjustments": null
        },
        "2013-12-31": {
            "date": "2013-12-31",
            "filing_date": "2013-12-31",
            "currency_symbol": "EUR",
            "researchDevelopment": "333000000.00",
            "effectOfAccountingCharges": null,
            "incomeBeforeTax": "1458000000.00",
            "minorityInterest": null,
            "netIncome": "1026000000.00",
            "sellingGeneralAdministrative": "1236000000.00",
            "sellingAndMarketingExpenses": "1242000000.00",
            "grossProfit": "4526000000.00",
            "reconciledDepreciation": "64750000.00",
            "ebit": "1684000000.00",
            "ebitda": "1954000000.00",
            "depreciationAndAmortization": "270000000.00",
            "nonOperatingIncomeNetOther": null,
            "operatingIncome": "1684000000.00",
            "otherOperatingExpenses": "10443000000.00",
            "interestExpense": "109250000.00",
            "taxProvision": null,
            "interestIncome": null,
            "netInterestIncome": null,
            "extraordinaryItems": null,
            "nonRecurring": null,
            "otherItems": null,
            "incomeTaxExpense": "378000000.00",
            "totalRevenue": "12057000000.00",
            "totalOperatingExpenses": "2912000000.00",
            "costOfRevenue": "7531000000.00",
            "totalOtherIncomeExpenseNet": "-226000000.00",
            "discontinuedOperations": null,
            "netIncomeFromContinuingOps": null,
            "netIncomeApplicableToCommonShares": null,
            "preferredStockAndOtherAdjustments": null
        },
        "2013-09-30": {
            "date": "2013-09-30",
            "filing_date": "2013-09-30",
            "currency_symbol": "EUR",
            "researchDevelopment": "133750000.00",
            "effectOfAccountingCharges": null,
            "incomeBeforeTax": "652000000.00",
            "minorityInterest": null,
            "netIncome": "472000000.00",
            "sellingGeneralAdministrative": "1236000000.00",
            "sellingAndMarketingExpenses": null,
            "grossProfit": "2222750000.00",
            "reconciledDepreciation": "54500000.00",
            "ebit": "730250000.00",
            "ebitda": "784750000.00",
            "depreciationAndAmortization": "54500000.00",
            "nonOperatingIncomeNetOther": null,
            "operatingIncome": "798500000.00",
            "otherOperatingExpenses": "5089250000.00",
            "interestExpense": "92000000.00",
            "taxProvision": null,
            "interestIncome": null,
            "netInterestIncome": null,
            "extraordinaryItems": null,
            "nonRecurring": null,
            "otherItems": null,
            "incomeTaxExpense": "166250000.00",
            "totalRevenue": "5887750000.00",
            "totalOperatingExpenses": "-34500000.00",
            "costOfRevenue": "3665000000.00",
            "totalOtherIncomeExpenseNet": "146500000.00",
            "discontinuedOperations": null,
            "netIncomeFromContinuingOps": null,
            "netIncomeApplicableToCommonShares": null,
            "preferredStockAndOtherAdjustments": null
        },
        "2013-06-30": {
            "date": "2013-06-30",
            "filing_date": "2013-06-30",
            "currency_symbol": "EUR",
            "researchDevelopment": "508000000.00",
            "effectOfAccountingCharges": null,
            "incomeBeforeTax": "1117000000.00",
            "minorityInterest": null,
            "netIncome": "801000000.00",
            "sellingGeneralAdministrative": "1236000000.00",
            "sellingAndMarketingExpenses": "1246000000.00",
            "grossProfit": "4237000000.00",
            "reconciledDepreciation": "54500000.00",
            "ebit": "1351000000.00",
            "ebitda": "1686000000.00",
            "depreciationAndAmortization": "335000000.00",
            "nonOperatingIncomeNetOther": null,
            "operatingIncome": "1351000000.00",
            "otherOperatingExpenses": "10056000000.00",
            "interestExpense": "109250000.00",
            "taxProvision": null,
            "interestIncome": null,
            "netInterestIncome": null,
            "extraordinaryItems": null,
            "nonRecurring": null,
            "otherItems": null,
            "incomeTaxExpense": "273000000.00",
            "totalRevenue": "11335000000.00",
            "totalOperatingExpenses": "2958000000.00",
            "costOfRevenue": "7098000000.00",
            "totalOtherIncomeExpenseNet": "-234000000.00",
            "discontinuedOperations": null,
            "netIncomeFromContinuingOps": null,
            "netIncomeApplicableToCommonShares": null,
            "preferredStockAndOtherAdjustments": null
        },
        "2013-03-31": {
            "date": "2013-03-31",
            "filing_date": "2013-03-31",
            "currency_symbol": "EUR",
            "researchDevelopment": "133750000.00",
            "effectOfAccountingCharges": null,
            "incomeBeforeTax": "652000000.00",
            "minorityInterest": null,
            "netIncome": "472000000.00",
            "sellingGeneralAdministrative": "1236000000.00",
            "sellingAndMarketingExpenses": null,
            "grossProfit": "2222750000.00",
            "reconciledDepreciation": "54500000.00",
            "ebit": "730250000.00",
            "ebitda": "784750000.00",
            "depreciationAndAmortization": "54500000.00",
            "nonOperatingIncomeNetOther": null,
            "operatingIncome": "798500000.00",
            "otherOperatingExpenses": "5089250000.00",
            "interestExpense": "92000000.00",
            "taxProvision": null,
            "interestIncome": null,
            "netInterestIncome": null,
            "extraordinaryItems": null,
            "nonRecurring": null,
            "otherItems": null,
            "incomeTaxExpense": "166250000.00",
            "totalRevenue": "5887750000.00",
            "totalOperatingExpenses": "-34500000.00",
            "costOfRevenue": "3665000000.00",
            "totalOtherIncomeExpenseNet": "146500000.00",
            "discontinuedOperations": null,
            "netIncomeFromContinuingOps": null,
            "netIncomeApplicableToCommonShares": null,
            "preferredStockAndOtherAdjustments": null
        },
        "2012-12-31": {
            "date": "2012-12-31",
            "filing_date": "2012-12-31",
            "currency_symbol": "EUR",
            "researchDevelopment": "253500000.00",
            "effectOfAccountingCharges": null,
            "incomeBeforeTax": "1230500000.00",
            "minorityInterest": null,
            "netIncome": "920000000.00",
            "sellingGeneralAdministrative": "2517500000.00",
            "sellingAndMarketingExpenses": null,
            "grossProfit": "4528500000.00",
            "reconciledDepreciation": "54500000.00",
            "ebit": "1851000000.00",
            "ebitda": "1963000000.00",
            "depreciationAndAmortization": "112000000.00",
            "nonOperatingIncomeNetOther": null,
            "operatingIncome": "1645500000.00",
            "otherOperatingExpenses": "10327500000.00",
            "interestExpense": "214000000.00",
            "taxProvision": null,
            "interestIncome": null,
            "netInterestIncome": null,
            "extraordinaryItems": null,
            "nonRecurring": null,
            "otherItems": null,
            "incomeTaxExpense": "284000000.00",
            "totalRevenue": "11973000000.00",
            "totalOperatingExpenses": "2801000000.00",
            "costOfRevenue": "7444500000.00",
            "totalOtherIncomeExpenseNet": "-415000000.00",
            "discontinuedOperations": null,
            "netIncomeFromContinuingOps": null,
            "netIncomeApplicableToCommonShares": null,
            "preferredStockAndOtherAdjustments": null
        },
        "2012-09-30": {
            "date": "2012-09-30",
            "filing_date": "2012-09-30",
            "currency_symbol": "EUR",
            "researchDevelopment": "126750000.00",
            "effectOfAccountingCharges": null,
            "incomeBeforeTax": "615250000.00",
            "minorityInterest": null,
            "netIncome": "460000000.00",
            "sellingGeneralAdministrative": "1258750000.00",
            "sellingAndMarketingExpenses": null,
            "grossProfit": "2264250000.00",
            "reconciledDepreciation": "56000000.00",
            "ebit": "925500000.00",
            "ebitda": "981500000.00",
            "depreciationAndAmortization": "56000000.00",
            "nonOperatingIncomeNetOther": null,
            "operatingIncome": "822750000.00",
            "otherOperatingExpenses": "5163750000.00",
            "interestExpense": "107000000.00",
            "taxProvision": null,
            "interestIncome": null,
            "netInterestIncome": null,
            "extraordinaryItems": null,
            "nonRecurring": null,
            "otherItems": null,
            "incomeTaxExpense": "142000000.00",
            "totalRevenue": "5986500000.00",
            "totalOperatingExpenses": "1400500000.00",
            "costOfRevenue": "3722250000.00",
            "totalOtherIncomeExpenseNet": "-207500000.00",
            "discontinuedOperations": null,
            "netIncomeFromContinuingOps": null,
            "netIncomeApplicableToCommonShares": null,
            "preferredStockAndOtherAdjustments": null
        },
        "2012-06-30": {
            "date": "2012-06-30",
            "filing_date": "2012-06-30",
            "currency_symbol": "EUR",
            "researchDevelopment": "253500000.00",
            "effectOfAccountingCharges": null,
            "incomeBeforeTax": "1230500000.00",
            "minorityInterest": null,
            "netIncome": "920000000.00",
            "sellingGeneralAdministrative": "2517500000.00",
            "sellingAndMarketingExpenses": null,
            "grossProfit": "4528500000.00",
            "reconciledDepreciation": "56000000.00",
            "ebit": "1851000000.00",
            "ebitda": "1963000000.00",
            "depreciationAndAmortization": "112000000.00",
            "nonOperatingIncomeNetOther": null,
            "operatingIncome": "1645500000.00",
            "otherOperatingExpenses": "10327500000.00",
            "interestExpense": "214000000.00",
            "taxProvision": null,
            "interestIncome": null,
            "netInterestIncome": null,
            "extraordinaryItems": null,
            "nonRecurring": null,
            "otherItems": null,
            "incomeTaxExpense": "284000000.00",
            "totalRevenue": "11973000000.00",
            "totalOperatingExpenses": "2801000000.00",
            "costOfRevenue": "7444500000.00",
            "totalOtherIncomeExpenseNet": "-415000000.00",
            "discontinuedOperations": null,
            "netIncomeFromContinuingOps": null,
            "netIncomeApplicableToCommonShares": null,
            "preferredStockAndOtherAdjustments": null
        },
        "2012-03-31": {
            "date": "2012-03-31",
            "filing_date": "2012-03-31",
            "currency_symbol": "EUR",
            "researchDevelopment": "126750000.00",
            "effectOfAccountingCharges": null,
            "incomeBeforeTax": "615250000.00",
            "minorityInterest": null,
            "netIncome": "460000000.00",
            "sellingGeneralAdministrative": "1258750000.00",
            "sellingAndMarketingExpenses": null,
            "grossProfit": "2264250000.00",
            "reconciledDepreciation": "56000000.00",
            "ebit": "925500000.00",
            "ebitda": "981500000.00",
            "depreciationAndAmortization": "56000000.00",
            "nonOperatingIncomeNetOther": null,
            "operatingIncome": "822750000.00",
            "otherOperatingExpenses": "5163750000.00",
            "interestExpense": "107000000.00",
            "taxProvision": null,
            "interestIncome": null,
            "netInterestIncome": null,
            "extraordinaryItems": null,
            "nonRecurring": null,
            "otherItems": null,
            "incomeTaxExpense": "142000000.00",
            "totalRevenue": "5986500000.00",
            "totalOperatingExpenses": "1400500000.00",
            "costOfRevenue": "3722250000.00",
            "totalOtherIncomeExpenseNet": "-207500000.00",
            "discontinuedOperations": null,
            "netIncomeFromContinuingOps": null,
            "netIncomeApplicableToCommonShares": null,
            "preferredStockAndOtherAdjustments": null
        },
        "2011-12-31": {
            "date": "2011-12-31",
            "filing_date": "2011-12-31",
            "currency_symbol": "EUR",
            "researchDevelopment": "269500000.00",
            "effectOfAccountingCharges": null,
            "incomeBeforeTax": "1233000000.00",
            "minorityInterest": null,
            "netIncome": "952000000.00",
            "sellingGeneralAdministrative": "2329000000.00",
            "sellingAndMarketingExpenses": null,
            "grossProfit": "4214500000.00",
            "reconciledDepreciation": "56000000.00",
            "ebit": "1741000000.00",
            "ebitda": "1854000000.00",
            "depreciationAndAmortization": "113000000.00",
            "nonOperatingIncomeNetOther": null,
            "operatingIncome": "1499000000.00",
            "otherOperatingExpenses": "9694500000.00",
            "interestExpense": "165500000.00",
            "taxProvision": null,
            "interestIncome": null,
            "netInterestIncome": null,
            "extraordinaryItems": null,
            "nonRecurring": null,
            "otherItems": null,
            "incomeTaxExpense": "281000000.00",
            "totalRevenue": "11193500000.00",
            "totalOperatingExpenses": "-2715500000.00",
            "costOfRevenue": "6979000000.00",
            "totalOtherIncomeExpenseNet": "-266000000.00",
            "discontinuedOperations": null,
            "netIncomeFromContinuingOps": null,
            "netIncomeApplicableToCommonShares": null,
            "preferredStockAndOtherAdjustments": null
        },
        "2011-09-30": {
            "date": "2011-09-30",
            "filing_date": "2011-09-30",
            "currency_symbol": "EUR",
            "researchDevelopment": "134750000.00",
            "effectOfAccountingCharges": null,
            "incomeBeforeTax": "616500000.00",
            "minorityInterest": null,
            "netIncome": "476000000.00",
            "sellingGeneralAdministrative": "1164500000.00",
            "sellingAndMarketingExpenses": null,
            "grossProfit": "2107250000.00",
            "reconciledDepreciation": "56500000.00",
            "ebit": "870500000.00",
            "ebitda": "927000000.00",
            "depreciationAndAmortization": "56500000.00",
            "nonOperatingIncomeNetOther": null,
            "operatingIncome": "749500000.00",
            "otherOperatingExpenses": "4847250000.00",
            "interestExpense": "82750000.00",
            "taxProvision": null,
            "interestIncome": null,
            "netInterestIncome": null,
            "extraordinaryItems": null,
            "nonRecurring": null,
            "otherItems": null,
            "incomeTaxExpense": "140500000.00",
            "totalRevenue": "5596750000.00",
            "totalOperatingExpenses": "-1357750000.00",
            "costOfRevenue": "3489500000.00",
            "totalOtherIncomeExpenseNet": "-133000000.00",
            "discontinuedOperations": null,
            "netIncomeFromContinuingOps": null,
            "netIncomeApplicableToCommonShares": null,
            "preferredStockAndOtherAdjustments": null
        },
        "2011-06-30": {
            "date": "2011-06-30",
            "filing_date": "2011-06-30",
            "currency_symbol": "EUR",
            "researchDevelopment": "269500000.00",
            "effectOfAccountingCharges": null,
            "incomeBeforeTax": "1233000000.00",
            "minorityInterest": null,
            "netIncome": "952000000.00",
            "sellingGeneralAdministrative": "2329000000.00",
            "sellingAndMarketingExpenses": null,
            "grossProfit": "4214500000.00",
            "reconciledDepreciation": "56500000.00",
            "ebit": "1741000000.00",
            "ebitda": "1854000000.00",
            "depreciationAndAmortization": "113000000.00",
            "nonOperatingIncomeNetOther": null,
            "operatingIncome": "1499000000.00",
            "otherOperatingExpenses": "9694500000.00",
            "interestExpense": "165500000.00",
            "taxProvision": null,
            "interestIncome": null,
            "netInterestIncome": null,
            "extraordinaryItems": null,
            "nonRecurring": null,
            "otherItems": null,
            "incomeTaxExpense": "281000000.00",
            "totalRevenue": "11193500000.00",
            "totalOperatingExpenses": "-2715500000.00",
            "costOfRevenue": "6979000000.00",
            "totalOtherIncomeExpenseNet": "-266000000.00",
            "discontinuedOperations": null,
            "netIncomeFromContinuingOps": null,
            "netIncomeApplicableToCommonShares": null,
            "preferredStockAndOtherAdjustments": null
        },
        "2011-03-31": {
            "date": "2011-03-31",
            "filing_date": "2011-03-31",
            "currency_symbol": "EUR",
            "researchDevelopment": "134750000.00",
            "effectOfAccountingCharges": null,
            "incomeBeforeTax": "616500000.00",
            "minorityInterest": null,
            "netIncome": "476000000.00",
            "sellingGeneralAdministrative": "1164500000.00",
            "sellingAndMarketingExpenses": null,
            "grossProfit": "2107250000.00",
            "reconciledDepreciation": "56500000.00",
            "ebit": "870500000.00",
            "ebitda": "927000000.00",
            "depreciationAndAmortization": "56500000.00",
            "nonOperatingIncomeNetOther": null,
            "operatingIncome": "749500000.00",
            "otherOperatingExpenses": "4847250000.00",
            "interestExpense": "82750000.00",
            "taxProvision": null,
            "interestIncome": null,
            "netInterestIncome": null,
            "extraordinaryItems": null,
            "nonRecurring": null,
            "otherItems": null,
            "incomeTaxExpense": "140500000.00",
            "totalRevenue": "5596750000.00",
            "totalOperatingExpenses": "-1357750000.00",
            "costOfRevenue": "3489500000.00",
            "totalOtherIncomeExpenseNet": "-133000000.00",
            "discontinuedOperations": null,
            "netIncomeFromContinuingOps": null,
            "netIncomeApplicableToCommonShares": null,
            "preferredStockAndOtherAdjustments": null
        },
        "2010-12-31": {
            "date": "2010-12-31",
            "filing_date": "2010-12-31",
            "currency_symbol": "EUR",
            "researchDevelopment": "225000000.00",
            "effectOfAccountingCharges": null,
            "incomeBeforeTax": "1178000000.00",
            "minorityInterest": null,
            "netIncome": "898000000.00",
            "sellingGeneralAdministrative": "2134500000.00",
            "sellingAndMarketingExpenses": null,
            "grossProfit": "3869000000.00",
            "reconciledDepreciation": "56500000.00",
            "ebit": "1637500000.00",
            "ebitda": "1751500000.00",
            "depreciationAndAmortization": "114000000.00",
            "nonOperatingIncomeNetOther": null,
            "operatingIncome": "1399500000.00",
            "otherOperatingExpenses": "8390500000.00",
            "interestExpense": "153000000.00",
            "taxProvision": null,
            "interestIncome": null,
            "netInterestIncome": null,
            "extraordinaryItems": null,
            "nonRecurring": null,
            "otherItems": null,
            "incomeTaxExpense": "283000000.00",
            "totalRevenue": "9790000000.00",
            "totalOperatingExpenses": "-2469500000.00",
            "costOfRevenue": "5921000000.00",
            "totalOtherIncomeExpenseNet": "-221500000.00",
            "discontinuedOperations": null,
            "netIncomeFromContinuingOps": null,
            "netIncomeApplicableToCommonShares": null,
            "preferredStockAndOtherAdjustments": null
        },
        "2010-09-30": {
            "date": "2010-09-30",
            "filing_date": "2010-09-30",
            "currency_symbol": "EUR",
            "researchDevelopment": "112500000.00",
            "effectOfAccountingCharges": null,
            "incomeBeforeTax": "589000000.00",
            "minorityInterest": null,
            "netIncome": "449000000.00",
            "sellingGeneralAdministrative": "1067250000.00",
            "sellingAndMarketingExpenses": null,
            "grossProfit": "1934500000.00",
            "reconciledDepreciation": "57000000.00",
            "ebit": "818750000.00",
            "ebitda": "875750000.00",
            "depreciationAndAmortization": "57000000.00",
            "nonOperatingIncomeNetOther": null,
            "operatingIncome": "699750000.00",
            "otherOperatingExpenses": "4195250000.00",
            "interestExpense": "76500000.00",
            "taxProvision": null,
            "interestIncome": null,
            "netInterestIncome": null,
            "extraordinaryItems": null,
            "nonRecurring": null,
            "otherItems": null,
            "incomeTaxExpense": "141500000.00",
            "totalRevenue": "4895000000.00",
            "totalOperatingExpenses": "-1234750000.00",
            "costOfRevenue": "2960500000.00",
            "totalOtherIncomeExpenseNet": "-110750000.00",
            "discontinuedOperations": null,
            "netIncomeFromContinuingOps": null,
            "netIncomeApplicableToCommonShares": null,
            "preferredStockAndOtherAdjustments": null
        },
        "2010-06-30": {
            "date": "2010-06-30",
            "filing_date": "2010-06-30",
            "currency_symbol": "EUR",
            "researchDevelopment": "225000000.00",
            "effectOfAccountingCharges": null,
            "incomeBeforeTax": "1178000000.00",
            "minorityInterest": null,
            "netIncome": "898000000.00",
            "sellingGeneralAdministrative": "2134500000.00",
            "sellingAndMarketingExpenses": null,
            "grossProfit": "3869000000.00",
            "reconciledDepreciation": "57000000.00",
            "ebit": "1637500000.00",
            "ebitda": "1751500000.00",
            "depreciationAndAmortization": "114000000.00",
            "nonOperatingIncomeNetOther": null,
            "operatingIncome": "1399500000.00",
            "otherOperatingExpenses": "8390500000.00",
            "interestExpense": "153000000.00",
            "taxProvision": null,
            "interestIncome": null,
            "netInterestIncome": null,
            "extraordinaryItems": null,
            "nonRecurring": null,
            "otherItems": null,
            "incomeTaxExpense": "283000000.00",
            "totalRevenue": "9790000000.00",
            "totalOperatingExpenses": "-2469500000.00",
            "costOfRevenue": "5921000000.00",
            "totalOtherIncomeExpenseNet": "-221500000.00",
            "discontinuedOperations": null,
            "netIncomeFromContinuingOps": null,
            "netIncomeApplicableToCommonShares": null,
            "preferredStockAndOtherAdjustments": null
        },
        "2010-03-31": {
            "date": "2010-03-31",
            "filing_date": "2010-03-31",
            "currency_symbol": "EUR",
            "researchDevelopment": "112500000.00",
            "effectOfAccountingCharges": null,
            "incomeBeforeTax": "589000000.00",
            "minorityInterest": null,
            "netIncome": "449000000.00",
            "sellingGeneralAdministrative": "1067250000.00",
            "sellingAndMarketingExpenses": null,
            "grossProfit": "1934500000.00",
            "reconciledDepreciation": "57000000.00",
            "ebit": "818750000.00",
            "ebitda": "875750000.00",
            "depreciationAndAmortization": "57000000.00",
            "nonOperatingIncomeNetOther": null,
            "operatingIncome": "699750000.00",
            "otherOperatingExpenses": "4195250000.00",
            "interestExpense": "76500000.00",
            "taxProvision": null,
            "interestIncome": null,
            "netInterestIncome": null,
            "extraordinaryItems": null,
            "nonRecurring": null,
            "otherItems": null,
            "incomeTaxExpense": "141500000.00",
            "totalRevenue": "4895000000.00",
            "totalOperatingExpenses": "-1234750000.00",
            "costOfRevenue": "2960500000.00",
            "totalOtherIncomeExpenseNet": "-110750000.00",
            "discontinuedOperations": null,
            "netIncomeFromContinuingOps": null,
            "netIncomeApplicableToCommonShares": null,
            "preferredStockAndOtherAdjustments": null
        },
        "2009-12-31": {
            "date": "2009-12-31",
            "filing_date": "2009-12-31",
            "currency_symbol": "EUR",
            "researchDevelopment": "201500000.00",
            "effectOfAccountingCharges": null,
            "incomeBeforeTax": "604000000.00",
            "minorityInterest": null,
            "netIncome": "447000000.00",
            "sellingGeneralAdministrative": "1885000000.00",
            "sellingAndMarketingExpenses": null,
            "grossProfit": "3110500000.00",
            "reconciledDepreciation": "57000000.00",
            "ebit": "1104500000.00",
            "ebitda": "1220000000.00",
            "depreciationAndAmortization": "115500000.00",
            "nonOperatingIncomeNetOther": null,
            "operatingIncome": "952500000.00",
            "otherOperatingExpenses": "6944000000.00",
            "interestExpense": "161500000.00",
            "taxProvision": null,
            "interestIncome": null,
            "netInterestIncome": null,
            "extraordinaryItems": null,
            "nonRecurring": null,
            "otherItems": null,
            "incomeTaxExpense": "146500000.00",
            "totalRevenue": "7896500000.00",
            "totalOperatingExpenses": "2043000000.00",
            "costOfRevenue": "4786000000.00",
            "totalOtherIncomeExpenseNet": "-348500000.00",
            "discontinuedOperations": null,
            "netIncomeFromContinuingOps": null,
            "netIncomeApplicableToCommonShares": null,
            "preferredStockAndOtherAdjustments": null
        },
        "2009-09-30": {
            "date": "2009-09-30",
            "filing_date": "2009-09-30",
            "currency_symbol": "EUR",
            "researchDevelopment": "100750000.00",
            "effectOfAccountingCharges": null,
            "incomeBeforeTax": "302000000.00",
            "minorityInterest": null,
            "netIncome": "223500000.00",
            "sellingGeneralAdministrative": "942500000.00",
            "sellingAndMarketingExpenses": null,
            "grossProfit": "1555250000.00",
            "reconciledDepreciation": "57750000.00",
            "ebit": "552250000.00",
            "ebitda": "610000000.00",
            "depreciationAndAmortization": "57750000.00",
            "nonOperatingIncomeNetOther": null,
            "operatingIncome": "476250000.00",
            "otherOperatingExpenses": "3472000000.00",
            "interestExpense": "80750000.00",
            "taxProvision": null,
            "interestIncome": null,
            "netInterestIncome": null,
            "extraordinaryItems": null,
            "nonRecurring": null,
            "otherItems": null,
            "incomeTaxExpense": "73250000.00",
            "totalRevenue": "3948250000.00",
            "totalOperatingExpenses": "1021500000.00",
            "costOfRevenue": "2393000000.00",
            "totalOtherIncomeExpenseNet": "-174250000.00",
            "discontinuedOperations": null,
            "netIncomeFromContinuingOps": null,
            "netIncomeApplicableToCommonShares": null,
            "preferredStockAndOtherAdjustments": null
        },
        "2009-06-30": {
            "date": "2009-06-30",
            "filing_date": "2009-06-30",
            "currency_symbol": "EUR",
            "researchDevelopment": "201500000.00",
            "effectOfAccountingCharges": null,
            "incomeBeforeTax": "604000000.00",
            "minorityInterest": null,
            "netIncome": "447000000.00",
            "sellingGeneralAdministrative": "1885000000.00",
            "sellingAndMarketingExpenses": null,
            "grossProfit": "3110500000.00",
            "reconciledDepreciation": "57750000.00",
            "ebit": "1104500000.00",
            "ebitda": "1220000000.00",
            "depreciationAndAmortization": "115500000.00",
            "nonOperatingIncomeNetOther": null,
            "operatingIncome": "952500000.00",
            "otherOperatingExpenses": "6944000000.00",
            "interestExpense": "161500000.00",
            "taxProvision": null,
            "interestIncome": null,
            "netInterestIncome": null,
            "extraordinaryItems": null,
            "nonRecurring": null,
            "otherItems": null,
            "incomeTaxExpense": "146500000.00",
            "totalRevenue": "7896500000.00",
            "totalOperatingExpenses": "2043000000.00",
            "costOfRevenue": "4786000000.00",
            "totalOtherIncomeExpenseNet": "-348500000.00",
            "discontinuedOperations": null,
            "netIncomeFromContinuingOps": null,
            "netIncomeApplicableToCommonShares": null,
            "preferredStockAndOtherAdjustments": null
        },
        "2009-03-31": {
            "date": "2009-03-31",
            "filing_date": "2009-03-31",
            "currency_symbol": "EUR",
            "researchDevelopment": "100750000.00",
            "effectOfAccountingCharges": null,
            "incomeBeforeTax": "302000000.00",
            "minorityInterest": null,
            "netIncome": "223500000.00",
            "sellingGeneralAdministrative": "942500000.00",
            "sellingAndMarketingExpenses": null,
            "grossProfit": "1555250000.00",
            "reconciledDepreciation": "57750000.00",
            "ebit": "552250000.00",
            "ebitda": "610000000.00",
            "depreciationAndAmortization": "57750000.00",
            "nonOperatingIncomeNetOther": null,
            "operatingIncome": "476250000.00",
            "otherOperatingExpenses": "3472000000.00",
            "interestExpense": "80750000.00",
            "taxProvision": null,
            "interestIncome": null,
            "netInterestIncome": null,
            "extraordinaryItems": null,
            "nonRecurring": null,
            "otherItems": null,
            "incomeTaxExpense": "73250000.00",
            "totalRevenue": "3948250000.00",
            "totalOperatingExpenses": "1021500000.00",
            "costOfRevenue": "2393000000.00",
            "totalOtherIncomeExpenseNet": "-174250000.00",
            "discontinuedOperations": null,
            "netIncomeFromContinuingOps": null,
            "netIncomeApplicableToCommonShares": null,
            "preferredStockAndOtherAdjustments": null
        },
        "2008-12-31": {
            "date": "2008-12-31",
            "filing_date": "2008-12-31",
            "currency_symbol": "EUR",
            "researchDevelopment": "201000000.00",
            "effectOfAccountingCharges": null,
            "incomeBeforeTax": "1139000000.00",
            "minorityInterest": null,
            "netIncome": "861500000.00",
            "sellingGeneralAdministrative": "2060000000.00",
            "sellingAndMarketingExpenses": null,
            "grossProfit": "3707500000.00",
            "reconciledDepreciation": "57750000.00",
            "ebit": "1449000000.00",
            "ebitda": "1536000000.00",
            "depreciationAndAmortization": "87000000.00",
            "nonOperatingIncomeNetOther": null,
            "operatingIncome": "1290000000.00",
            "otherOperatingExpenses": "7865500000.00",
            "interestExpense": "123000000.00",
            "taxProvision": null,
            "interestIncome": null,
            "netInterestIncome": null,
            "extraordinaryItems": null,
            "nonRecurring": null,
            "otherItems": null,
            "incomeTaxExpense": "277500000.00",
            "totalRevenue": "9155500000.00",
            "totalOperatingExpenses": "-2417500000.00",
            "costOfRevenue": "5448000000.00",
            "totalOtherIncomeExpenseNet": "-151000000.00",
            "discontinuedOperations": null,
            "netIncomeFromContinuingOps": null,
            "netIncomeApplicableToCommonShares": null,
            "preferredStockAndOtherAdjustments": null
        },
        "2008-09-30": {
            "date": "2008-09-30",
            "filing_date": "2008-09-30",
            "currency_symbol": "EUR",
            "researchDevelopment": "100500000.00",
            "effectOfAccountingCharges": null,
            "incomeBeforeTax": "569500000.00",
            "minorityInterest": null,
            "netIncome": "430750000.00",
            "sellingGeneralAdministrative": "1030000000.00",
            "sellingAndMarketingExpenses": null,
            "grossProfit": "1853750000.00",
            "reconciledDepreciation": "43500000.00",
            "ebit": "724500000.00",
            "ebitda": "768000000.00",
            "depreciationAndAmortization": "43500000.00",
            "nonOperatingIncomeNetOther": null,
            "operatingIncome": "645000000.00",
            "otherOperatingExpenses": "3932750000.00",
            "interestExpense": "61500000.00",
            "taxProvision": null,
            "interestIncome": null,
            "netInterestIncome": null,
            "extraordinaryItems": null,
            "nonRecurring": null,
            "otherItems": null,
            "incomeTaxExpense": "138750000.00",
            "totalRevenue": "4577750000.00",
            "totalOperatingExpenses": "-1208750000.00",
            "costOfRevenue": "2724000000.00",
            "totalOtherIncomeExpenseNet": "-75500000.00",
            "discontinuedOperations": null,
            "netIncomeFromContinuingOps": null,
            "netIncomeApplicableToCommonShares": null,
            "preferredStockAndOtherAdjustments": null
        },
        "2008-06-30": {
            "date": "2008-06-30",
            "filing_date": "2008-06-30",
            "currency_symbol": "EUR",
            "researchDevelopment": "201000000.00",
            "effectOfAccountingCharges": null,
            "incomeBeforeTax": "1139000000.00",
            "minorityInterest": null,
            "netIncome": "861500000.00",
            "sellingGeneralAdministrative": "2060000000.00",
            "sellingAndMarketingExpenses": null,
            "grossProfit": "3707500000.00",
            "reconciledDepreciation": "43500000.00",
            "ebit": "1449000000.00",
            "ebitda": "1536000000.00",
            "depreciationAndAmortization": "87000000.00",
            "nonOperatingIncomeNetOther": null,
            "operatingIncome": "1290000000.00",
            "otherOperatingExpenses": "7865500000.00",
            "interestExpense": "123000000.00",
            "taxProvision": null,
            "interestIncome": null,
            "netInterestIncome": null,
            "extraordinaryItems": null,
            "nonRecurring": null,
            "otherItems": null,
            "incomeTaxExpense": "277500000.00",
            "totalRevenue": "9155500000.00",
            "totalOperatingExpenses": "-2417500000.00",
            "costOfRevenue": "5448000000.00",
            "totalOtherIncomeExpenseNet": "-151000000.00",
            "discontinuedOperations": null,
            "netIncomeFromContinuingOps": null,
            "netIncomeApplicableToCommonShares": null,
            "preferredStockAndOtherAdjustments": null
        },
        "2008-03-31": {
            "date": "2008-03-31",
            "filing_date": "2008-03-31",
            "currency_symbol": "EUR",
            "researchDevelopment": "100500000.00",
            "effectOfAccountingCharges": null,
            "incomeBeforeTax": "569500000.00",
            "minorityInterest": null,
            "netIncome": "430750000.00",
            "sellingGeneralAdministrative": "1030000000.00",
            "sellingAndMarketingExpenses": null,
            "grossProfit": "1853750000.00",
            "reconciledDepreciation": "43500000.00",
            "ebit": "724500000.00",
            "ebitda": "768000000.00",
            "depreciationAndAmortization": "43500000.00",
            "nonOperatingIncomeNetOther": null,
            "operatingIncome": "645000000.00",
            "otherOperatingExpenses": "3932750000.00",
            "interestExpense": "61500000.00",
            "taxProvision": null,
            "interestIncome": null,
            "netInterestIncome": null,
            "extraordinaryItems": null,
            "nonRecurring": null,
            "otherItems": null,
            "incomeTaxExpense": "138750000.00",
            "totalRevenue": "4577750000.00",
            "totalOperatingExpenses": "-1208750000.00",
            "costOfRevenue": "2724000000.00",
            "totalOtherIncomeExpenseNet": "-75500000.00",
            "discontinuedOperations": null,
            "netIncomeFromContinuingOps": null,
            "netIncomeApplicableToCommonShares": null,
            "preferredStockAndOtherAdjustments": null
        },
        "2007-12-31": {
            "date": "2007-12-31",
            "filing_date": "2007-12-31",
            "currency_symbol": "EUR",
            "researchDevelopment": "208550000.00",
            "effectOfAccountingCharges": null,
            "incomeBeforeTax": "1110750000.00",
            "minorityInterest": null,
            "netIncome": "810750000.00",
            "sellingGeneralAdministrative": "1989050000.00",
            "sellingAndMarketingExpenses": null,
            "grossProfit": "3549300000.00",
            "reconciledDepreciation": "43500000.00",
            "ebit": "1442000000.00",
            "ebitda": "1481300000.00",
            "depreciationAndAmortization": "39300000.00",
            "nonOperatingIncomeNetOther": null,
            "operatingIncome": "1241550000.00",
            "otherOperatingExpenses": "7412750000.00",
            "interestExpense": "123400000.00",
            "taxProvision": null,
            "interestIncome": null,
            "netInterestIncome": null,
            "extraordinaryItems": null,
            "nonRecurring": null,
            "otherItems": null,
            "incomeTaxExpense": "300000000.00",
            "totalRevenue": "8654300000.00",
            "totalOperatingExpenses": "-2307750000.00",
            "costOfRevenue": "5105000000.00",
            "totalOtherIncomeExpenseNet": "-130800000.00",
            "discontinuedOperations": null,
            "netIncomeFromContinuingOps": null,
            "netIncomeApplicableToCommonShares": null,
            "preferredStockAndOtherAdjustments": null
        },
        "2007-09-30": {
            "date": "2007-09-30",
            "filing_date": "2007-09-30",
            "currency_symbol": "EUR",
            "researchDevelopment": "104275000.00",
            "effectOfAccountingCharges": null,
            "incomeBeforeTax": "555375000.00",
            "minorityInterest": null,
            "netIncome": "405375000.00",
            "sellingGeneralAdministrative": "994525000.00",
            "sellingAndMarketingExpenses": null,
            "grossProfit": "1774650000.00",
            "reconciledDepreciation": "19650000.00",
            "ebit": "721000000.00",
            "ebitda": "740650000.00",
            "depreciationAndAmortization": "19650000.00",
            "nonOperatingIncomeNetOther": null,
            "operatingIncome": "620775000.00",
            "otherOperatingExpenses": "3706375000.00",
            "interestExpense": "61700000.00",
            "taxProvision": null,
            "interestIncome": null,
            "netInterestIncome": null,
            "extraordinaryItems": null,
            "nonRecurring": null,
            "otherItems": null,
            "incomeTaxExpense": "150000000.00",
            "totalRevenue": "4327150000.00",
            "totalOperatingExpenses": "-1153875000.00",
            "costOfRevenue": "2552500000.00",
            "totalOtherIncomeExpenseNet": "-65400000.00",
            "discontinuedOperations": null,
            "netIncomeFromContinuingOps": null,
            "netIncomeApplicableToCommonShares": null,
            "preferredStockAndOtherAdjustments": null
        },
        "2007-06-30": {
            "date": "2007-06-30",
            "filing_date": "2007-06-30",
            "currency_symbol": "EUR",
            "researchDevelopment": "208550000.00",
            "effectOfAccountingCharges": null,
            "incomeBeforeTax": "1110750000.00",
            "minorityInterest": null,
            "netIncome": "810750000.00",
            "sellingGeneralAdministrative": "1989050000.00",
            "sellingAndMarketingExpenses": null,
            "grossProfit": "3549300000.00",
            "reconciledDepreciation": "19650000.00",
            "ebit": "1442000000.00",
            "ebitda": "1481300000.00",
            "depreciationAndAmortization": "39300000.00",
            "nonOperatingIncomeNetOther": null,
            "operatingIncome": "1241550000.00",
            "otherOperatingExpenses": "7412750000.00",
            "interestExpense": "123400000.00",
            "taxProvision": null,
            "interestIncome": null,
            "netInterestIncome": null,
            "extraordinaryItems": null,
            "nonRecurring": null,
            "otherItems": null,
            "incomeTaxExpense": "300000000.00",
            "totalRevenue": "8654300000.00",
            "totalOperatingExpenses": "-2307750000.00",
            "costOfRevenue": "5105000000.00",
            "totalOtherIncomeExpenseNet": "-130800000.00",
            "discontinuedOperations": null,
            "netIncomeFromContinuingOps": null,
            "netIncomeApplicableToCommonShares": null,
            "preferredStockAndOtherAdjustments": null
        },
        "2007-03-31": {
            "date": "2007-03-31",
            "filing_date": "2007-03-31",
            "currency_symbol": "EUR",
            "researchDevelopment": "104275000.00",
            "effectOfAccountingCharges": null,
            "incomeBeforeTax": "555375000.00",
            "minorityInterest": null,
            "netIncome": "405375000.00",
            "sellingGeneralAdministrative": "994525000.00",
            "sellingAndMarketingExpenses": null,
            "grossProfit": "1774650000.00",
            "reconciledDepreciation": "19650000.00",
            "ebit": "721000000.00",
            "ebitda": "740650000.00",
            "depreciationAndAmortization": "19650000.00",
            "nonOperatingIncomeNetOther": null,
            "operatingIncome": "620775000.00",
            "otherOperatingExpenses": "3706375000.00",
            "interestExpense": "61700000.00",
            "taxProvision": null,
            "interestIncome": null,
            "netInterestIncome": null,
            "extraordinaryItems": null,
            "nonRecurring": null,
            "otherItems": null,
            "incomeTaxExpense": "150000000.00",
            "totalRevenue": "4327150000.00",
            "totalOperatingExpenses": "-1153875000.00",
            "costOfRevenue": "2552500000.00",
            "totalOtherIncomeExpenseNet": "-65400000.00",
            "discontinuedOperations": null,
            "netIncomeFromContinuingOps": null,
            "netIncomeApplicableToCommonShares": null,
            "preferredStockAndOtherAdjustments": null
        },
        "2006-12-31": {
            "date": "2006-12-31",
            "filing_date": "2006-12-31",
            "currency_symbol": "EUR",
            "researchDevelopment": "163800000.00",
            "effectOfAccountingCharges": null,
            "incomeBeforeTax": "940850000.00",
            "minorityInterest": null,
            "netIncome": "673300000.00",
            "sellingGeneralAdministrative": "1617400000.00",
            "sellingAndMarketingExpenses": null,
            "grossProfit": "2839550000.00",
            "reconciledDepreciation": "19650000.00",
            "ebit": "1000350000.00",
            "ebitda": "1189100000.00",
            "depreciationAndAmortization": "188750000.00",
            "nonOperatingIncomeNetOther": null,
            "operatingIncome": "1000350000.00",
            "otherOperatingExpenses": "5864500000.00",
            "interestExpense": "52000000.00",
            "taxProvision": null,
            "interestIncome": null,
            "netInterestIncome": null,
            "extraordinaryItems": null,
            "nonRecurring": null,
            "otherItems": null,
            "incomeTaxExpense": "267550000.00",
            "totalRevenue": "6864850000.00",
            "totalOperatingExpenses": "-1839200000.00",
            "costOfRevenue": "4025300000.00",
            "totalOtherIncomeExpenseNet": "-59500000.00",
            "discontinuedOperations": null,
            "netIncomeFromContinuingOps": null,
            "netIncomeApplicableToCommonShares": null,
            "preferredStockAndOtherAdjustments": null
        },
        "2006-09-30": {
            "date": "2006-09-30",
            "filing_date": "2006-09-30",
            "currency_symbol": "EUR",
            "researchDevelopment": "81900000.00",
            "effectOfAccountingCharges": null,
            "incomeBeforeTax": "470425000.00",
            "minorityInterest": null,
            "netIncome": "336650000.00",
            "sellingGeneralAdministrative": "808700000.00",
            "sellingAndMarketingExpenses": null,
            "grossProfit": "1419775000.00",
            "reconciledDepreciation": "98125000.00",
            "ebit": "500175000.00",
            "ebitda": "594550000.00",
            "depreciationAndAmortization": "94375000.00",
            "nonOperatingIncomeNetOther": null,
            "operatingIncome": "500175000.00",
            "otherOperatingExpenses": "2932250000.00",
            "interestExpense": "26000000.00",
            "taxProvision": null,
            "interestIncome": null,
            "netInterestIncome": null,
            "extraordinaryItems": null,
            "nonRecurring": null,
            "otherItems": null,
            "incomeTaxExpense": "133775000.00",
            "totalRevenue": "3432425000.00",
            "totalOperatingExpenses": "-919600000.00",
            "costOfRevenue": "2012650000.00",
            "totalOtherIncomeExpenseNet": "-29750000.00",
            "discontinuedOperations": null,
            "netIncomeFromContinuingOps": null,
            "netIncomeApplicableToCommonShares": null,
            "preferredStockAndOtherAdjustments": null
        },
        "2006-06-30": {
            "date": "2006-06-30",
            "filing_date": "2006-06-30",
            "currency_symbol": "EUR",
            "researchDevelopment": "163800000.00",
            "effectOfAccountingCharges": null,
            "incomeBeforeTax": "940850000.00",
            "minorityInterest": null,
            "netIncome": "673300000.00",
            "sellingGeneralAdministrative": "1617400000.00",
            "sellingAndMarketingExpenses": null,
            "grossProfit": "2839550000.00",
            "reconciledDepreciation": "98125000.00",
            "ebit": "1000350000.00",
            "ebitda": "1189100000.00",
            "depreciationAndAmortization": "188750000.00",
            "nonOperatingIncomeNetOther": null,
            "operatingIncome": "1000350000.00",
            "otherOperatingExpenses": "5864500000.00",
            "interestExpense": "52000000.00",
            "taxProvision": null,
            "interestIncome": null,
            "netInterestIncome": null,
            "extraordinaryItems": null,
            "nonRecurring": null,
            "otherItems": null,
            "incomeTaxExpense": "267550000.00",
            "totalRevenue": "6864850000.00",
            "totalOperatingExpenses": "-1839200000.00",
            "costOfRevenue": "4025300000.00",
            "totalOtherIncomeExpenseNet": "-59500000.00",
            "discontinuedOperations": null,
            "netIncomeFromContinuingOps": null,
            "netIncomeApplicableToCommonShares": null,
            "preferredStockAndOtherAdjustments": null
        },
        "2006-03-31": {
            "date": "2006-03-31",
            "filing_date": "2006-03-31",
            "currency_symbol": "EUR",
            "researchDevelopment": "81900000.00",
            "effectOfAccountingCharges": null,
            "incomeBeforeTax": "470425000.00",
            "minorityInterest": null,
            "netIncome": "336650000.00",
            "sellingGeneralAdministrative": "808700000.00",
            "sellingAndMarketingExpenses": null,
            "grossProfit": "1419775000.00",
            "reconciledDepreciation": "98125000.00",
            "ebit": "500175000.00",
            "ebitda": "594550000.00",
            "depreciationAndAmortization": "94375000.00",
            "nonOperatingIncomeNetOther": null,
            "operatingIncome": "500175000.00",
            "otherOperatingExpenses": "2932250000.00",
            "interestExpense": "26000000.00",
            "taxProvision": null,
            "interestIncome": null,
            "netInterestIncome": null,
            "extraordinaryItems": null,
            "nonRecurring": null,
            "otherItems": null,
            "incomeTaxExpense": "133775000.00",
            "totalRevenue": "3432425000.00",
            "totalOperatingExpenses": "-919600000.00",
            "costOfRevenue": "2012650000.00",
            "totalOtherIncomeExpenseNet": "-29750000.00",
            "discontinuedOperations": null,
            "netIncomeFromContinuingOps": null,
            "netIncomeApplicableToCommonShares": null,
            "preferredStockAndOtherAdjustments": null
        },
        "2005-12-31": {
            "date": "2005-12-31",
            "filing_date": "2005-12-31",
            "currency_symbol": "EUR",
            "researchDevelopment": "136850000.00",
            "effectOfAccountingCharges": null,
            "incomeBeforeTax": "728550000.00",
            "minorityInterest": null,
            "netIncome": "514750000.00",
            "sellingGeneralAdministrative": "1406400000.00",
            "sellingAndMarketingExpenses": null,
            "grossProfit": "2377500000.00",
            "reconciledDepreciation": "98125000.00",
            "ebit": "782650000.00",
            "ebitda": "966700000.00",
            "depreciationAndAmortization": "184050000.00",
            "nonOperatingIncomeNetOther": null,
            "operatingIncome": "782650000.00",
            "otherOperatingExpenses": "5056750000.00",
            "interestExpense": "26000000.00",
            "taxProvision": null,
            "interestIncome": null,
            "netInterestIncome": null,
            "extraordinaryItems": null,
            "nonRecurring": null,
            "otherItems": null,
            "incomeTaxExpense": "213750000.00",
            "totalRevenue": "5839400000.00",
            "totalOperatingExpenses": "1490950000.00",
            "costOfRevenue": "3461900000.00",
            "totalOtherIncomeExpenseNet": "-54100000.00",
            "discontinuedOperations": null,
            "netIncomeFromContinuingOps": null,
            "netIncomeApplicableToCommonShares": null,
            "preferredStockAndOtherAdjustments": null
        },
        "2005-09-30": {
            "date": "2005-09-30",
            "filing_date": "2005-09-30",
            "currency_symbol": "EUR",
            "researchDevelopment": "68425000.00",
            "effectOfAccountingCharges": null,
            "incomeBeforeTax": "364275000.00",
            "minorityInterest": null,
            "netIncome": "257375000.00",
            "sellingGeneralAdministrative": "703200000.00",
            "sellingAndMarketingExpenses": null,
            "grossProfit": "1188750000.00",
            "reconciledDepreciation": "92025000.00",
            "ebit": "391325000.00",
            "ebitda": "483350000.00",
            "depreciationAndAmortization": "92025000.00",
            "nonOperatingIncomeNetOther": null,
            "operatingIncome": "391325000.00",
            "otherOperatingExpenses": "2528375000.00",
            "interestExpense": null,
            "taxProvision": null,
            "interestIncome": null,
            "netInterestIncome": null,
            "extraordinaryItems": null,
            "nonRecurring": null,
            "otherItems": null,
            "incomeTaxExpense": "106875000.00",
            "totalRevenue": "2919700000.00",
            "totalOperatingExpenses": "745475000.00",
            "costOfRevenue": "1730950000.00",
            "totalOtherIncomeExpenseNet": "-27050000.00",
            "discontinuedOperations": null,
            "netIncomeFromContinuingOps": null,
            "netIncomeApplicableToCommonShares": null,
            "preferredStockAndOtherAdjustments": null
        },
        "2005-06-30": {
            "date": "2005-06-30",
            "filing_date": "2005-06-30",
            "currency_symbol": "EUR",
            "researchDevelopment": "136850000.00",
            "effectOfAccountingCharges": null,
            "incomeBeforeTax": "728550000.00",
            "minorityInterest": null,
            "netIncome": "514750000.00",
            "sellingGeneralAdministrative": "1406400000.00",
            "sellingAndMarketingExpenses": null,
            "grossProfit": "2377500000.00",
            "reconciledDepreciation": "92025000.00",
            "ebit": "782650000.00",
            "ebitda": "966700000.00",
            "depreciationAndAmortization": "184050000.00",
            "nonOperatingIncomeNetOther": null,
            "operatingIncome": "782650000.00",
            "otherOperatingExpenses": "5056750000.00",
            "interestExpense": null,
            "taxProvision": null,
            "interestIncome": null,
            "netInterestIncome": null,
            "extraordinaryItems": null,
            "nonRecurring": null,
            "otherItems": null,
            "incomeTaxExpense": "213750000.00",
            "totalRevenue": "5839400000.00",
            "totalOperatingExpenses": "1490950000.00",
            "costOfRevenue": "3461900000.00",
            "totalOtherIncomeExpenseNet": "-54100000.00",
            "discontinuedOperations": null,
            "netIncomeFromContinuingOps": null,
            "netIncomeApplicableToCommonShares": null,
            "preferredStockAndOtherAdjustments": null
        },
        "2005-03-31": {
            "date": "2005-03-31",
            "filing_date": "2005-03-31",
            "currency_symbol": "EUR",
            "researchDevelopment": "68425000.00",
            "effectOfAccountingCharges": null,
            "incomeBeforeTax": "364275000.00",
            "minorityInterest": null,
            "netIncome": "257375000.00",
            "sellingGeneralAdministrative": "703200000.00",
            "sellingAndMarketingExpenses": null,
            "grossProfit": "1188750000.00",
            "reconciledDepreciation": "92025000.00",
            "ebit": "391325000.00",
            "ebitda": "483350000.00",
            "depreciationAndAmortization": "92025000.00",
            "nonOperatingIncomeNetOther": null,
            "operatingIncome": "391325000.00",
            "otherOperatingExpenses": "2528375000.00",
            "interestExpense": null,
            "taxProvision": null,
            "interestIncome": null,
            "netInterestIncome": null,
            "extraordinaryItems": null,
            "nonRecurring": null,
            "otherItems": null,
            "incomeTaxExpense": "106875000.00",
            "totalRevenue": "2919700000.00",
            "totalOperatingExpenses": "745475000.00",
            "costOfRevenue": "1730950000.00",
            "totalOtherIncomeExpenseNet": "-27050000.00",
            "discontinuedOperations": null,
            "netIncomeFromContinuingOps": null,
            "netIncomeApplicableToCommonShares": null,
            "preferredStockAndOtherAdjustments": null
        },
        "2004-12-31": {
            "date": "2004-12-31",
            "filing_date": "2004-12-31",
            "currency_symbol": "EUR",
            "researchDevelopment": "267600000.00",
            "effectOfAccountingCharges": null,
            "incomeBeforeTax": "622400000.00",
            "minorityInterest": null,
            "netIncome": "297350000.00",
            "sellingGeneralAdministrative": "1277150000.00",
            "sellingAndMarketingExpenses": null,
            "grossProfit": "2200100000.00",
            "reconciledDepreciation": "92025000.00",
            "ebit": "655350000.00",
            "ebitda": "993250000.00",
            "depreciationAndAmortization": "337900000.00",
            "nonOperatingIncomeNetOther": null,
            "operatingIncome": "655350000.00",
            "otherOperatingExpenses": "4527300000.00",
            "interestExpense": "32950000.00",
            "taxProvision": null,
            "interestIncome": null,
            "netInterestIncome": null,
            "extraordinaryItems": null,
            "nonRecurring": null,
            "otherItems": null,
            "incomeTaxExpense": "166550000.00",
            "totalRevenue": "5182650000.00",
            "totalOperatingExpenses": "-1544750000.00",
            "costOfRevenue": "2982550000.00",
            "totalOtherIncomeExpenseNet": "-32950000.00",
            "discontinuedOperations": null,
            "netIncomeFromContinuingOps": null,
            "netIncomeApplicableToCommonShares": null,
            "preferredStockAndOtherAdjustments": null
        },
        "2004-09-30": {
            "date": "2004-09-30",
            "filing_date": "2004-09-30",
            "currency_symbol": "EUR",
            "researchDevelopment": "133800000.00",
            "effectOfAccountingCharges": null,
            "incomeBeforeTax": "311200000.00",
            "minorityInterest": null,
            "netIncome": "148675000.00",
            "sellingGeneralAdministrative": "638575000.00",
            "sellingAndMarketingExpenses": null,
            "grossProfit": "1100050000.00",
            "reconciledDepreciation": "144875000.00",
            "ebit": "327675000.00",
            "ebitda": "496625000.00",
            "depreciationAndAmortization": "168950000.00",
            "nonOperatingIncomeNetOther": null,
            "operatingIncome": "327675000.00",
            "otherOperatingExpenses": "2263650000.00",
            "interestExpense": "16475000.00",
            "taxProvision": null,
            "interestIncome": null,
            "netInterestIncome": null,
            "extraordinaryItems": null,
            "nonRecurring": null,
            "otherItems": null,
            "incomeTaxExpense": "83275000.00",
            "totalRevenue": "2591325000.00",
            "totalOperatingExpenses": "-772375000.00",
            "costOfRevenue": "1491275000.00",
            "totalOtherIncomeExpenseNet": "-16475000.00",
            "discontinuedOperations": null,
            "netIncomeFromContinuingOps": null,
            "netIncomeApplicableToCommonShares": null,
            "preferredStockAndOtherAdjustments": null
        },
        "2004-06-30": {
            "date": "2004-06-30",
            "filing_date": "2004-06-30",
            "currency_symbol": "EUR",
            "researchDevelopment": "267600000.00",
            "effectOfAccountingCharges": null,
            "incomeBeforeTax": "622400000.00",
            "minorityInterest": null,
            "netIncome": "297350000.00",
            "sellingGeneralAdministrative": "1277150000.00",
            "sellingAndMarketingExpenses": null,
            "grossProfit": "2200100000.00",
            "reconciledDepreciation": "144875000.00",
            "ebit": "655350000.00",
            "ebitda": "993250000.00",
            "depreciationAndAmortization": "337900000.00",
            "nonOperatingIncomeNetOther": null,
            "operatingIncome": "655350000.00",
            "otherOperatingExpenses": "4527300000.00",
            "interestExpense": "32950000.00",
            "taxProvision": null,
            "interestIncome": null,
            "netInterestIncome": null,
            "extraordinaryItems": null,
            "nonRecurring": null,
            "otherItems": null,
            "incomeTaxExpense": "166550000.00",
            "totalRevenue": "5182650000.00",
            "totalOperatingExpenses": "-1544750000.00",
            "costOfRevenue": "2982550000.00",
            "totalOtherIncomeExpenseNet": "-32950000.00",
            "discontinuedOperations": null,
            "netIncomeFromContinuingOps": null,
            "netIncomeApplicableToCommonShares": null,
            "preferredStockAndOtherAdjustments": null
        },
        "2004-03-31": {
            "date": "2004-03-31",
            "filing_date": "2004-03-31",
            "currency_symbol": "EUR",
            "researchDevelopment": "133800000.00",
            "effectOfAccountingCharges": null,
            "incomeBeforeTax": "311200000.00",
            "minorityInterest": null,
            "netIncome": "148675000.00",
            "sellingGeneralAdministrative": "638575000.00",
            "sellingAndMarketingExpenses": null,
            "grossProfit": "1100050000.00",
            "reconciledDepreciation": "144875000.00",
            "ebit": "327675000.00",
            "ebitda": "496625000.00",
            "depreciationAndAmortization": "168950000.00",
            "nonOperatingIncomeNetOther": null,
            "operatingIncome": "327675000.00",
            "otherOperatingExpenses": "2263650000.00",
            "interestExpense": "16475000.00",
            "taxProvision": null,
            "interestIncome": null,
            "netInterestIncome": null,
            "extraordinaryItems": null,
            "nonRecurring": null,
            "otherItems": null,
            "incomeTaxExpense": "83275000.00",
            "totalRevenue": "2591325000.00",
            "totalOperatingExpenses": "-772375000.00",
            "costOfRevenue": "1491275000.00",
            "totalOtherIncomeExpenseNet": "-16475000.00",
            "discontinuedOperations": null,
            "netIncomeFromContinuingOps": null,
            "netIncomeApplicableToCommonShares": null,
            "preferredStockAndOtherAdjustments": null
        },
        "2003-12-31": {
            "date": "2003-12-31",
            "filing_date": "2003-12-31",
            "currency_symbol": "EUR",
            "researchDevelopment": "247000000.00",
            "effectOfAccountingCharges": null,
            "incomeBeforeTax": "477150000.00",
            "minorityInterest": null,
            "netIncome": "227150000.00",
            "sellingGeneralAdministrative": "1107900000.00",
            "sellingAndMarketingExpenses": null,
            "grossProfit": "1858600000.00",
            "reconciledDepreciation": "144875000.00",
            "ebit": "503700000.00",
            "ebitda": "852850000.00",
            "depreciationAndAmortization": "349150000.00",
            "nonOperatingIncomeNetOther": null,
            "operatingIncome": "503700000.00",
            "otherOperatingExpenses": "3886450000.00",
            "interestExpense": "26550000.00",
            "taxProvision": null,
            "interestIncome": null,
            "netInterestIncome": null,
            "extraordinaryItems": null,
            "nonRecurring": null,
            "otherItems": null,
            "incomeTaxExpense": "63650000.00",
            "totalRevenue": "4390150000.00",
            "totalOperatingExpenses": "-1354900000.00",
            "costOfRevenue": "2531550000.00",
            "totalOtherIncomeExpenseNet": "-26550000.00",
            "discontinuedOperations": null,
            "netIncomeFromContinuingOps": null,
            "netIncomeApplicableToCommonShares": null,
            "preferredStockAndOtherAdjustments": null
        },
        "2003-09-30": {
            "date": "2003-09-30",
            "filing_date": "2003-09-30",
            "currency_symbol": "EUR",
            "researchDevelopment": "123500000.00",
            "effectOfAccountingCharges": null,
            "incomeBeforeTax": "238575000.00",
            "minorityInterest": null,
            "netIncome": "113575000.00",
            "sellingGeneralAdministrative": "553950000.00",
            "sellingAndMarketingExpenses": null,
            "grossProfit": "929300000.00",
            "reconciledDepreciation": "133600000.00",
            "ebit": "251850000.00",
            "ebitda": "426425000.00",
            "depreciationAndAmortization": "174575000.00",
            "nonOperatingIncomeNetOther": null,
            "operatingIncome": "251850000.00",
            "otherOperatingExpenses": "1943225000.00",
            "interestExpense": "13275000.00",
            "taxProvision": null,
            "interestIncome": null,
            "netInterestIncome": null,
            "extraordinaryItems": null,
            "nonRecurring": null,
            "otherItems": null,
            "incomeTaxExpense": "31825000.00",
            "totalRevenue": "2195075000.00",
            "totalOperatingExpenses": "-677450000.00",
            "costOfRevenue": "1265775000.00",
            "totalOtherIncomeExpenseNet": "-13275000.00",
            "discontinuedOperations": null,
            "netIncomeFromContinuingOps": null,
            "netIncomeApplicableToCommonShares": null,
            "preferredStockAndOtherAdjustments": null
        },
        "2003-06-30": {
            "date": "2003-06-30",
            "filing_date": "2003-06-30",
            "currency_symbol": "EUR",
            "researchDevelopment": "247000000.00",
            "effectOfAccountingCharges": null,
            "incomeBeforeTax": "477150000.00",
            "minorityInterest": null,
            "netIncome": "227150000.00",
            "sellingGeneralAdministrative": "1107900000.00",
            "sellingAndMarketingExpenses": null,
            "grossProfit": "1858600000.00",
            "reconciledDepreciation": "133600000.00",
            "ebit": "503700000.00",
            "ebitda": "852850000.00",
            "depreciationAndAmortization": "349150000.00",
            "nonOperatingIncomeNetOther": null,
            "operatingIncome": "503700000.00",
            "otherOperatingExpenses": "3886450000.00",
            "interestExpense": "26550000.00",
            "taxProvision": null,
            "interestIncome": null,
            "netInterestIncome": null,
            "extraordinaryItems": null,
            "nonRecurring": null,
            "otherItems": null,
            "incomeTaxExpense": "63650000.00",
            "totalRevenue": "4390150000.00",
            "totalOperatingExpenses": "-1354900000.00",
            "costOfRevenue": "2531550000.00",
            "totalOtherIncomeExpenseNet": "-26550000.00",
            "discontinuedOperations": null,
            "netIncomeFromContinuingOps": null,
            "netIncomeApplicableToCommonShares": null,
            "preferredStockAndOtherAdjustments": null
        },
        "2003-03-31": {
            "date": "2003-03-31",
            "filing_date": "2003-03-31",
            "currency_symbol": "EUR",
            "researchDevelopment": "123500000.00",
            "effectOfAccountingCharges": null,
            "incomeBeforeTax": "238575000.00",
            "minorityInterest": null,
            "netIncome": "113575000.00",
            "sellingGeneralAdministrative": "553950000.00",
            "sellingAndMarketingExpenses": null,
            "grossProfit": "929300000.00",
            "reconciledDepreciation": "133600000.00",
            "ebit": "251850000.00",
            "ebitda": "426425000.00",
            "depreciationAndAmortization": "174575000.00",
            "nonOperatingIncomeNetOther": null,
            "operatingIncome": "251850000.00",
            "otherOperatingExpenses": "1943225000.00",
            "interestExpense": "13275000.00",
            "taxProvision": null,
            "interestIncome": null,
            "netInterestIncome": null,
            "extraordinaryItems": null,
            "nonRecurring": null,
            "otherItems": null,
            "incomeTaxExpense": "31825000.00",
            "totalRevenue": "2195075000.00",
            "totalOperatingExpenses": "-677450000.00",
            "costOfRevenue": "1265775000.00",
            "totalOtherIncomeExpenseNet": "-13275000.00",
            "discontinuedOperations": null,
            "netIncomeFromContinuingOps": null,
            "netIncomeApplicableToCommonShares": null,
            "preferredStockAndOtherAdjustments": null
        },
        "2002-12-31": {
            "date": "2002-12-31",
            "filing_date": "2002-12-31",
            "currency_symbol": "EUR",
            "researchDevelopment": "236350000.00",
            "effectOfAccountingCharges": null,
            "incomeBeforeTax": "440950000.00",
            "minorityInterest": null,
            "netIncome": "223450000.00",
            "sellingGeneralAdministrative": "1121450000.00",
            "sellingAndMarketingExpenses": null,
            "grossProfit": "1877650000.00",
            "reconciledDepreciation": "133600000.00",
            "ebit": "519850000.00",
            "ebitda": "1045900000.00",
            "depreciationAndAmortization": "526050000.00",
            "nonOperatingIncomeNetOther": null,
            "operatingIncome": "519850000.00",
            "otherOperatingExpenses": "4010400000.00",
            "interestExpense": "78900000.00",
            "taxProvision": null,
            "interestIncome": null,
            "netInterestIncome": null,
            "extraordinaryItems": null,
            "nonRecurring": null,
            "otherItems": null,
            "incomeTaxExpense": "-147500000.00",
            "totalRevenue": "4530250000.00",
            "totalOperatingExpenses": "-1357800000.00",
            "costOfRevenue": "2652600000.00",
            "totalOtherIncomeExpenseNet": "-78900000.00",
            "discontinuedOperations": null,
            "netIncomeFromContinuingOps": null,
            "netIncomeApplicableToCommonShares": null,
            "preferredStockAndOtherAdjustments": null
        },
        "2002-09-30": {
            "date": "2002-09-30",
            "filing_date": "2002-09-30",
            "currency_symbol": "EUR",
            "researchDevelopment": "118175000.00",
            "effectOfAccountingCharges": null,
            "incomeBeforeTax": "220475000.00",
            "minorityInterest": null,
            "netIncome": "111725000.00",
            "sellingGeneralAdministrative": "560725000.00",
            "sellingAndMarketingExpenses": null,
            "grossProfit": "938825000.00",
            "reconciledDepreciation": "135725000.00",
            "ebit": "259925000.00",
            "ebitda": "522950000.00",
            "depreciationAndAmortization": "263025000.00",
            "nonOperatingIncomeNetOther": null,
            "operatingIncome": "259925000.00",
            "otherOperatingExpenses": "2005200000.00",
            "interestExpense": "39450000.00",
            "taxProvision": null,
            "interestIncome": null,
            "netInterestIncome": null,
            "extraordinaryItems": null,
            "nonRecurring": null,
            "otherItems": null,
            "incomeTaxExpense": "-73750000.00",
            "totalRevenue": "2265125000.00",
            "totalOperatingExpenses": "-678900000.00",
            "costOfRevenue": "1326300000.00",
            "totalOtherIncomeExpenseNet": "-39450000.00",
            "discontinuedOperations": null,
            "netIncomeFromContinuingOps": null,
            "netIncomeApplicableToCommonShares": null,
            "preferredStockAndOtherAdjustments": null
        },
        "2002-06-30": {
            "date": "2002-06-30",
            "filing_date": "2002-06-30",
            "currency_symbol": "EUR",
            "researchDevelopment": "236350000.00",
            "effectOfAccountingCharges": null,
            "incomeBeforeTax": "440950000.00",
            "minorityInterest": null,
            "netIncome": "223450000.00",
            "sellingGeneralAdministrative": "1121450000.00",
            "sellingAndMarketingExpenses": null,
            "grossProfit": "1877650000.00",
            "reconciledDepreciation": "135725000.00",
            "ebit": "519850000.00",
            "ebitda": "1045900000.00",
            "depreciationAndAmortization": "526050000.00",
            "nonOperatingIncomeNetOther": null,
            "operatingIncome": "519850000.00",
            "otherOperatingExpenses": "4010400000.00",
            "interestExpense": "78900000.00",
            "taxProvision": null,
            "interestIncome": null,
            "netInterestIncome": null,
            "extraordinaryItems": null,
            "nonRecurring": null,
            "otherItems": null,
            "incomeTaxExpense": "-147500000.00",
            "totalRevenue": "4530250000.00",
            "totalOperatingExpenses": "-1357800000.00",
            "costOfRevenue": "2652600000.00",
            "totalOtherIncomeExpenseNet": "-78900000.00",
            "discontinuedOperations": null,
            "netIncomeFromContinuingOps": null,
            "netIncomeApplicableToCommonShares": null,
            "preferredStockAndOtherAdjustments": null
        },
        "2002-03-31": {
            "date": "2002-03-31",
            "filing_date": "2002-03-31",
            "currency_symbol": "EUR",
            "researchDevelopment": "118175000.00",
            "effectOfAccountingCharges": null,
            "incomeBeforeTax": "220475000.00",
            "minorityInterest": null,
            "netIncome": "111725000.00",
            "sellingGeneralAdministrative": "560725000.00",
            "sellingAndMarketingExpenses": null,
            "grossProfit": "938825000.00",
            "reconciledDepreciation": "135725000.00",
            "ebit": "259925000.00",
            "ebitda": "522950000.00",
            "depreciationAndAmortization": "263025000.00",
            "nonOperatingIncomeNetOther": null,
            "operatingIncome": "259925000.00",
            "otherOperatingExpenses": "2005200000.00",
            "interestExpense": "39450000.00",
            "taxProvision": null,
            "interestIncome": null,
            "netInterestIncome": null,
            "extraordinaryItems": null,
            "nonRecurring": null,
            "otherItems": null,
            "incomeTaxExpense": "-73750000.00",
            "totalRevenue": "2265125000.00",
            "totalOperatingExpenses": "-678900000.00",
            "costOfRevenue": "1326300000.00",
            "totalOtherIncomeExpenseNet": "-39450000.00",
            "discontinuedOperations": null,
            "netIncomeFromContinuingOps": null,
            "netIncomeApplicableToCommonShares": null,
            "preferredStockAndOtherAdjustments": null
        },
        "2001-12-31": {
            "date": "2001-12-31",
            "filing_date": "2001-12-31",
            "currency_symbol": "EUR",
            "researchDevelopment": "256350000.00",
            "effectOfAccountingCharges": null,
            "incomeBeforeTax": "497700000.00",
            "minorityInterest": null,
            "netIncome": "-482000000.00",
            "sellingGeneralAdministrative": "1160300000.00",
            "sellingAndMarketingExpenses": null,
            "grossProfit": "1974800000.00",
            "reconciledDepreciation": "135725000.00",
            "ebit": "558150000.00",
            "ebitda": "1600400000.00",
            "depreciationAndAmortization": "1042250000.00",
            "nonOperatingIncomeNetOther": null,
            "operatingIncome": "558150000.00",
            "otherOperatingExpenses": "4355950000.00",
            "interestExpense": "60450000.00",
            "taxProvision": null,
            "interestIncome": null,
            "netInterestIncome": null,
            "extraordinaryItems": null,
            "nonRecurring": null,
            "otherItems": null,
            "incomeTaxExpense": "103450000.00",
            "totalRevenue": "4914100000.00",
            "totalOperatingExpenses": "-1416650000.00",
            "costOfRevenue": "2939300000.00",
            "totalOtherIncomeExpenseNet": "-60450000.00",
            "discontinuedOperations": null,
            "netIncomeFromContinuingOps": null,
            "netIncomeApplicableToCommonShares": null,
            "preferredStockAndOtherAdjustments": null
        },
        "2001-09-30": {
            "date": "2001-09-30",
            "filing_date": "2001-09-30",
            "currency_symbol": "EUR",
            "researchDevelopment": "128175000.00",
            "effectOfAccountingCharges": null,
            "incomeBeforeTax": "248850000.00",
            "minorityInterest": null,
            "netIncome": "-241000000.00",
            "sellingGeneralAdministrative": "580150000.00",
            "sellingAndMarketingExpenses": null,
            "grossProfit": "987400000.00",
            "reconciledDepreciation": "130150000.00",
            "ebit": "279075000.00",
            "ebitda": "800200000.00",
            "depreciationAndAmortization": "521125000.00",
            "nonOperatingIncomeNetOther": null,
            "operatingIncome": "279075000.00",
            "otherOperatingExpenses": "2177975000.00",
            "interestExpense": "30225000.00",
            "taxProvision": null,
            "interestIncome": null,
            "netInterestIncome": null,
            "extraordinaryItems": null,
            "nonRecurring": null,
            "otherItems": null,
            "incomeTaxExpense": "51725000.00",
            "totalRevenue": "2457050000.00",
            "totalOperatingExpenses": "-708325000.00",
            "costOfRevenue": "1469650000.00",
            "totalOtherIncomeExpenseNet": "-30225000.00",
            "discontinuedOperations": null,
            "netIncomeFromContinuingOps": null,
            "netIncomeApplicableToCommonShares": null,
            "preferredStockAndOtherAdjustments": null
        },
        "2001-06-30": {
            "date": "2001-06-30",
            "filing_date": "2001-06-30",
            "currency_symbol": "EUR",
            "researchDevelopment": "256350000.00",
            "effectOfAccountingCharges": null,
            "incomeBeforeTax": "497700000.00",
            "minorityInterest": null,
            "netIncome": "-482000000.00",
            "sellingGeneralAdministrative": "1160300000.00",
            "sellingAndMarketingExpenses": null,
            "grossProfit": "1974800000.00",
            "reconciledDepreciation": "130150000.00",
            "ebit": "558150000.00",
            "ebitda": "1600400000.00",
            "depreciationAndAmortization": "1042250000.00",
            "nonOperatingIncomeNetOther": null,
            "operatingIncome": "558150000.00",
            "otherOperatingExpenses": "4355950000.00",
            "interestExpense": "60450000.00",
            "taxProvision": null,
            "interestIncome": null,
            "netInterestIncome": null,
            "extraordinaryItems": null,
            "nonRecurring": null,
            "otherItems": null,
            "incomeTaxExpense": "103450000.00",
            "totalRevenue": "4914100000.00",
            "totalOperatingExpenses": "-1416650000.00",
            "costOfRevenue": "2939300000.00",
            "totalOtherIncomeExpenseNet": "-60450000.00",
            "discontinuedOperations": null,
            "netIncomeFromContinuingOps": null,
            "netIncomeApplicableToCommonShares": null,
            "preferredStockAndOtherAdjustments": null
        },
        "2001-03-31": {
            "date": "2001-03-31",
            "filing_date": "2001-03-31",
            "currency_symbol": "EUR",
            "researchDevelopment": "128175000.00",
            "effectOfAccountingCharges": null,
            "incomeBeforeTax": "248850000.00",
            "minorityInterest": null,
            "netIncome": "-241000000.00",
            "sellingGeneralAdministrative": "580150000.00",
            "sellingAndMarketingExpenses": null,
            "grossProfit": "987400000.00",
            "reconciledDepreciation": "130150000.00",
            "ebit": "279075000.00",
            "ebitda": "800200000.00",
            "depreciationAndAmortization": "521125000.00",
            "nonOperatingIncomeNetOther": null,
            "operatingIncome": "279075000.00",
            "otherOperatingExpenses": "2177975000.00",
            "interestExpense": "30225000.00",
            "taxProvision": null,
            "interestIncome": null,
            "netInterestIncome": null,
            "extraordinaryItems": null,
            "nonRecurring": null,
            "otherItems": null,
            "incomeTaxExpense": "51725000.00",
            "totalRevenue": "2457050000.00",
            "totalOperatingExpenses": "-708325000.00",
            "costOfRevenue": "1469650000.00",
            "totalOtherIncomeExpenseNet": "-30225000.00",
            "discontinuedOperations": null,
            "netIncomeFromContinuingOps": null,
            "netIncomeApplicableToCommonShares": null,
            "preferredStockAndOtherAdjustments": null
        },
        "2000-12-31": {
            "date": "2000-12-31",
            "filing_date": "2001-01-31",
            "currency_symbol": "EUR",
            "researchDevelopment": "128175000.00",
            "effectOfAccountingCharges": null,
            "incomeBeforeTax": "248850000.00",
            "minorityInterest": null,
            "netIncome": "-241000000.00",
            "sellingGeneralAdministrative": "580150000.00",
            "sellingAndMarketingExpenses": null,
            "grossProfit": "987400000.00",
            "reconciledDepreciation": "130150000.00",
            "ebit": "-159050000.00",
            "ebitda": "-28900000.00",
            "depreciationAndAmortization": "130150000.00",
            "nonOperatingIncomeNetOther": null,
            "operatingIncome": "279075000.00",
            "otherOperatingExpenses": "2177975000.00",
            "interestExpense": "30225000.00",
            "taxProvision": null,
            "interestIncome": null,
            "netInterestIncome": null,
            "extraordinaryItems": null,
            "nonRecurring": null,
            "otherItems": null,
            "incomeTaxExpense": "51725000.00",
            "totalRevenue": "2457050000.00",
            "totalOperatingExpenses": "708325000.00",
            "costOfRevenue": "1469650000.00",
            "totalOtherIncomeExpenseNet": "30225000.00",
            "discontinuedOperations": null,
            "netIncomeFromContinuingOps": null,
            "netIncomeApplicableToCommonShares": null,
            "preferredStockAndOtherAdjustments": null
        }
    },
    "yearly": {
        "2024-12-31": {
            "date": "2024-12-31",
            "filing_date": "2024-12-31",
            "currency_symbol": "EUR",
            "researchDevelopment": "2153000000.00",
            "effectOfAccountingCharges": null,
            "incomeBeforeTax": "5837000000.00",
            "minorityInterest": "-170000000.00",
            "netIncome": "4269000000.00",
            "sellingGeneralAdministrative": "7877000000.00",
            "sellingAndMarketingExpenses": "44000000.00",
            "grossProfit": "16268000000.00",
            "reconciledDepreciation": "1538000000.00",
            "ebit": "6477000000.00",
            "ebitda": "8015000000.00",
            "depreciationAndAmortization": "1538000000.00",
            "nonOperatingIncomeNetOther": null,
            "operatingIncome": "6449000000.00",
            "otherOperatingExpenses": "31704000000.00",
            "interestExpense": "483000000.00",
            "taxProvision": "1398000000.00",
            "interestIncome": "174000000.00",
            "netInterestIncome": "-381000000.00",
            "extraordinaryItems": null,
            "nonRecurring": null,
            "otherItems": null,
            "incomeTaxExpense": "1398000000.00",
            "totalRevenue": "38153000000.00",
            "totalOperatingExpenses": "9819000000.00",
            "costOfRevenue": "21885000000.00",
            "totalOtherIncomeExpenseNet": "-612000000.00",
            "discontinuedOperations": null,
            "netIncomeFromContinuingOps": "4659000000.00",
            "netIncomeApplicableToCommonShares": "4269000000.00",
            "preferredStockAndOtherAdjustments": null
        },
        "2023-12-31": {
            "date": "2023-12-31",
            "filing_date": "2023-12-31",
            "currency_symbol": "EUR",
            "researchDevelopment": "1746000000.00",
            "effectOfAccountingCharges": null,
            "incomeBeforeTax": "5403000000.00",
            "minorityInterest": "-166000000.00",
            "netIncome": "4003000000.00",
            "sellingGeneralAdministrative": "7432000000.00",
            "sellingAndMarketingExpenses": "486000000.00",
            "grossProfit": "14616000000.00",
            "reconciledDepreciation": "1460000000.00",
            "ebit": "5768000000.00",
            "ebitda": "7194000000.00",
            "depreciationAndAmortization": "1426000000.00",
            "nonOperatingIncomeNetOther": null,
            "operatingIncome": "5933000000.00",
            "otherOperatingExpenses": "29969000000.00",
            "interestExpense": "423000000.00",
            "taxProvision": "1285000000.00",
            "interestIncome": "79000000.00",
            "netInterestIncome": "-489000000.00",
            "extraordinaryItems": null,
            "nonRecurring": null,
            "otherItems": null,
            "incomeTaxExpense": "1285000000.00",
            "totalRevenue": "35902000000.00",
            "totalOperatingExpenses": "8692000000.00",
            "costOfRevenue": "21286000000.00",
            "totalOtherIncomeExpenseNet": "-530000000.00",
            "discontinuedOperations": null,
            "netIncomeFromContinuingOps": "4169000000.00",
            "netIncomeApplicableToCommonShares": "4003000000.00",
            "preferredStockAndOtherAdjustments": null
        },
        "2022-12-31": {
            "date": "2022-12-31",
            "filing_date": "2022-12-31",
            "currency_symbol": "EUR",
            "researchDevelopment": "1539000000.00",
            "effectOfAccountingCharges": null,
            "incomeBeforeTax": "4667000000.00",
            "minorityInterest": "-59000000.00",
            "netIncome": "3477000000.00",
            "sellingGeneralAdministrative": "6819000000.00",
            "sellingAndMarketingExpenses": "504000000.00",
            "grossProfit": "13397000000.00",
            "reconciledDepreciation": "1482000000.00",
            "ebit": "4831000000.00",
            "ebitda": "6313000000.00",
            "depreciationAndAmortization": "1482000000.00",
            "nonOperatingIncomeNetOther": null,
            "operatingIncome": "5543000000.00",
            "otherOperatingExpenses": "28633000000.00",
            "interestExpense": "164000000.00",
            "taxProvision": "1211000000.00",
            "interestIncome": "162000000.00",
            "netInterestIncome": "-193000000.00",
            "extraordinaryItems": null,
            "nonRecurring": null,
            "otherItems": null,
            "incomeTaxExpense": "1160000000.00",
            "totalRevenue": "34176000000.00",
            "totalOperatingExpenses": "7854000000.00",
            "costOfRevenue": "20779000000.00",
            "totalOtherIncomeExpenseNet": "-876000000.00",
            "discontinuedOperations": null,
            "netIncomeFromContinuingOps": "3536000000.00",
            "netIncomeApplicableToCommonShares": "3477000000.00",
            "preferredStockAndOtherAdjustments": null
        },
        "2021-12-31": {
            "date": "2021-12-31",
            "filing_date": "2021-12-31",
            "currency_symbol": "EUR",
            "researchDevelopment": "1276000000.00",
            "effectOfAccountingCharges": null,
            "incomeBeforeTax": "4111000000.00",
            "minorityInterest": "-69000000.00",
            "netIncome": "3204000000.00",
            "sellingGeneralAdministrative": "6001000000.00",
            "sellingAndMarketingExpenses": "486000000.00",
            "grossProfit": "11345000000.00",
            "reconciledDepreciation": "1414000000.00",
            "ebit": "4554000000.00",
            "ebitda": "5968000000.00",
            "depreciationAndAmortization": "1414000000.00",
            "nonOperatingIncomeNetOther": null,
            "operatingIncome": "4554000000.00",
            "otherOperatingExpenses": "24351000000.00",
            "interestExpense": "137000000.00",
            "taxProvision": "966000000.00",
            "interestIncome": "4000000.00",
            "netInterestIncome": "-179000000.00",
            "extraordinaryItems": null,
            "nonRecurring": null,
            "otherItems": null,
            "incomeTaxExpense": "922000000.00",
            "totalRevenue": "28905000000.00",
            "totalOperatingExpenses": "6791000000.00",
            "costOfRevenue": "17560000000.00",
            "totalOtherIncomeExpenseNet": "-443000000.00",
            "discontinuedOperations": null,
            "netIncomeFromContinuingOps": "3273000000.00",
            "netIncomeApplicableToCommonShares": "3204000000.00",
            "preferredStockAndOtherAdjustments": null
        },
        "2020-12-31": {
            "date": "2020-12-31",
            "filing_date": "2020-12-31",
            "currency_symbol": "EUR",
            "researchDevelopment": "1146000000.00",
            "effectOfAccountingCharges": null,
            "incomeBeforeTax": "2760000000.00",
            "minorityInterest": "3104000000.00",
            "netIncome": "2126000000.00",
            "sellingGeneralAdministrative": "5512000000.00",
            "sellingAndMarketingExpenses": "469000000.00",
            "grossProfit": "9858000000.00",
            "reconciledDepreciation": "1210000000.00",
            "ebit": "2971000000.00",
            "ebitda": "4181000000.00",
            "depreciationAndAmortization": "1210000000.00",
            "nonOperatingIncomeNetOther": null,
            "operatingIncome": "3669000000.00",
            "otherOperatingExpenses": "21490000000.00",
            "interestExpense": "211000000.00",
            "taxProvision": "638000000.00",
            "interestIncome": "14000000.00",
            "netInterestIncome": "-244000000.00",
            "extraordinaryItems": "0.00",
            "nonRecurring": null,
            "otherItems": null,
            "incomeTaxExpense": "588000000.00",
            "totalRevenue": "25159000000.00",
            "totalOperatingExpenses": "6189000000.00",
            "costOfRevenue": "15301000000.00",
            "totalOtherIncomeExpenseNet": "-909000000.00",
            "discontinuedOperations": null,
            "netIncomeFromContinuingOps": "2238000000.00",
            "netIncomeApplicableToCommonShares": "2126000000.00",
            "preferredStockAndOtherAdjustments": null
        },
        "2019-12-31": {
            "date": "2019-12-31",
            "filing_date": "2019-12-31",
            "currency_symbol": "EUR",
            "researchDevelopment": "1119000000.00",
            "effectOfAccountingCharges": null,
            "incomeBeforeTax": "3084000000.00",
            "minorityInterest": "1579000000.00",
            "netIncome": "2413000000.00",
            "sellingGeneralAdministrative": "5840000000.00",
            "sellingAndMarketingExpenses": "481000000.00",
            "grossProfit": "10489000000.00",
            "reconciledDepreciation": "1175000000.00",
            "ebit": "3330000000.00",
            "ebitda": "4505000000.00",
            "depreciationAndAmortization": "1175000000.00",
            "nonOperatingIncomeNetOther": null,
            "operatingIncome": "4011000000.00",
            "otherOperatingExpenses": "23147000000.00",
            "interestExpense": "246000000.00",
            "taxProvision": "690000000.00",
            "interestIncome": "39000000.00",
            "netInterestIncome": "-260000000.00",
            "extraordinaryItems": "-3000000.00",
            "nonRecurring": null,
            "otherItems": null,
            "incomeTaxExpense": "636000000.00",
            "totalRevenue": "27158000000.00",
            "totalOperatingExpenses": "6478000000.00",
            "costOfRevenue": "16669000000.00",
            "totalOtherIncomeExpenseNet": "-927000000.00",
            "discontinuedOperations": "-3000000.00",
            "netIncomeFromContinuingOps": "2526000000.00",
            "netIncomeApplicableToCommonShares": "2413000000.00",
            "preferredStockAndOtherAdjustments": null
        },
        "2018-12-31": {
            "date": "2018-12-31",
            "filing_date": "2018-12-31",
            "currency_symbol": "EUR",
            "researchDevelopment": "1293000000.00",
            "effectOfAccountingCharges": null,
            "incomeBeforeTax": "3147000000.00",
            "minorityInterest": "1482000000.00",
            "netIncome": "2334000000.00",
            "sellingGeneralAdministrative": "5572000000.00",
            "sellingAndMarketingExpenses": "61000000.00",
            "grossProfit": "10043000000.00",
            "reconciledDepreciation": "860000000.00",
            "ebit": "3346000000.00",
            "ebitda": "4206000000.00",
            "depreciationAndAmortization": "860000000.00",
            "nonOperatingIncomeNetOther": null,
            "operatingIncome": "3640000000.00",
            "otherOperatingExpenses": "22392000000.00",
            "interestExpense": "301000000.00",
            "taxProvision": "693000000.00",
            "interestIncome": "53000000.00",
            "netInterestIncome": "-309000000.00",
            "extraordinaryItems": "-23000000.00",
            "nonRecurring": null,
            "otherItems": null,
            "incomeTaxExpense": "693000000.00",
            "totalRevenue": "25720000000.00",
            "totalOperatingExpenses": "6715000000.00",
            "costOfRevenue": "15677000000.00",
            "totalOtherIncomeExpenseNet": "-249000000.00",
            "discontinuedOperations": "-23000000.00",
            "netIncomeFromContinuingOps": "2454000000.00",
            "netIncomeApplicableToCommonShares": "2334000000.00",
            "preferredStockAndOtherAdjustments": null
        },
        "2017-12-31": {
            "date": "2017-12-31",
            "filing_date": "2017-12-31",
            "currency_symbol": "EUR",
            "researchDevelopment": "1226000000.00",
            "effectOfAccountingCharges": null,
            "incomeBeforeTax": "2904000000.00",
            "minorityInterest": "145000000.00",
            "netIncome": "2150000000.00",
            "sellingGeneralAdministrative": "5346000000.00",
            "sellingAndMarketingExpenses": "69000000.00",
            "grossProfit": "9498000000.00",
            "reconciledDepreciation": "786000000.00",
            "ebit": "3072000000.00",
            "ebitda": "3858000000.00",
            "depreciationAndAmortization": "786000000.00",
            "nonOperatingIncomeNetOther": null,
            "operatingIncome": "3465000000.00",
            "otherOperatingExpenses": "21622000000.00",
            "interestExpense": "270000000.00",
            "taxProvision": "600000000.00",
            "interestIncome": "51000000.00",
            "netInterestIncome": "-343000000.00",
            "extraordinaryItems": "-94000000.00",
            "nonRecurring": null,
            "otherItems": null,
            "incomeTaxExpense": "600000000.00",
            "totalRevenue": "24743000000.00",
            "totalOperatingExpenses": "6377000000.00",
            "costOfRevenue": "15245000000.00",
            "totalOtherIncomeExpenseNet": "-306000000.00",
            "discontinuedOperations": "-94000000.00",
            "netIncomeFromContinuingOps": "2304000000.00",
            "netIncomeApplicableToCommonShares": "2150000000.00",
            "preferredStockAndOtherAdjustments": null
        },
        "2016-12-31": {
            "date": "2016-12-31",
            "filing_date": "2016-12-31",
            "currency_symbol": "EUR",
            "researchDevelopment": "1218000000.00",
            "effectOfAccountingCharges": null,
            "incomeBeforeTax": "2547000000.00",
            "minorityInterest": "159000000.00",
            "netIncome": "1750000000.00",
            "sellingGeneralAdministrative": "5375000000.00",
            "sellingAndMarketingExpenses": "32000000.00",
            "grossProfit": "9358000000.00",
            "reconciledDepreciation": null,
            "ebit": "2791000000.00",
            "ebitda": "3624000000.00",
            "depreciationAndAmortization": "833000000.00",
            "nonOperatingIncomeNetOther": null,
            "operatingIncome": "3273000000.00",
            "otherOperatingExpenses": "21645000000.00",
            "interestExpense": "313000000.00",
            "taxProvision": "712000000.00",
            "interestIncome": "41000000.00",
            "netInterestIncome": "-406000000.00",
            "extraordinaryItems": null,
            "nonRecurring": null,
            "otherItems": null,
            "incomeTaxExpense": "719000000.00",
            "totalRevenue": "24459000000.00",
            "totalOperatingExpenses": "6544000000.00",
            "costOfRevenue": "15101000000.00",
            "totalOtherIncomeExpenseNet": "-428000000.00",
            "discontinuedOperations": "-17000000.00",
            "netIncomeFromContinuingOps": "1811000000.00",
            "netIncomeApplicableToCommonShares": "1750000000.00",
            "preferredStockAndOtherAdjustments": null
        },
        "2015-12-31": {
            "date": "2015-12-31",
            "filing_date": "2015-12-31",
            "currency_symbol": "EUR",
            "researchDevelopment": "947000000.00",
            "effectOfAccountingCharges": null,
            "incomeBeforeTax": "1892000000.00",
            "minorityInterest": "441000000.00",
            "netIncome": "1407000000.00",
            "sellingGeneralAdministrative": "5639000000.00",
            "sellingAndMarketingExpenses": "79000000.00",
            "grossProfit": "9845000000.00",
            "reconciledDepreciation": null,
            "ebit": "2512000000.00",
            "ebitda": "3095000000.00",
            "depreciationAndAmortization": "583000000.00",
            "nonOperatingIncomeNetOther": null,
            "operatingIncome": "3288000000.00",
            "otherOperatingExpenses": "24453000000.00",
            "interestExpense": "382000000.00",
            "taxProvision": null,
            "interestIncome": null,
            "netInterestIncome": null,
            "extraordinaryItems": null,
            "nonRecurring": null,
            "otherItems": null,
            "incomeTaxExpense": "389000000.00",
            "totalRevenue": "26640000000.00",
            "totalOperatingExpenses": "7658000000.00",
            "costOfRevenue": "16795000000.00",
            "totalOtherIncomeExpenseNet": "-1396000000.00",
            "discontinuedOperations": "-17000000.00",
            "netIncomeFromContinuingOps": "1503000000.00",
            "netIncomeApplicableToCommonShares": "1407000000.00",
            "preferredStockAndOtherAdjustments": null
        },
        "2014-12-31": {
            "date": "2014-12-31",
            "filing_date": "2014-12-31",
            "currency_symbol": "EUR",
            "researchDevelopment": "902000000.00",
            "effectOfAccountingCharges": null,
            "incomeBeforeTax": "2443000000.00",
            "minorityInterest": "419000000.00",
            "netIncome": "1941000000.00",
            "sellingGeneralAdministrative": "5377000000.00",
            "sellingAndMarketingExpenses": "73000000.00",
            "grossProfit": "9407000000.00",
            "reconciledDepreciation": null,
            "ebit": "2956000000.00",
            "ebitda": "3621000000.00",
            "depreciationAndAmortization": "665000000.00",
            "nonOperatingIncomeNetOther": null,
            "operatingIncome": "3061000000.00",
            "otherOperatingExpenses": "22188000000.00",
            "interestExpense": "413000000.00",
            "taxProvision": null,
            "interestIncome": null,
            "netInterestIncome": null,
            "extraordinaryItems": null,
            "nonRecurring": null,
            "otherItems": null,
            "incomeTaxExpense": "551000000.00",
            "totalRevenue": "24939000000.00",
            "totalOperatingExpenses": "6656000000.00",
            "costOfRevenue": "15532000000.00",
            "totalOtherIncomeExpenseNet": "-618000000.00",
            "discontinuedOperations": "169000000.00",
            "netIncomeFromContinuingOps": "1892000000.00",
            "netIncomeApplicableToCommonShares": "1941000000.00",
            "preferredStockAndOtherAdjustments": null
        },
        "2013-12-31": {
            "date": "2013-12-31",
            "filing_date": "2013-12-31",
            "currency_symbol": "EUR",
            "researchDevelopment": "841000000.00",
            "effectOfAccountingCharges": null,
            "incomeBeforeTax": "2575000000.00",
            "minorityInterest": "382000000.00",
            "netIncome": "1888000000.00",
            "sellingGeneralAdministrative": "4944000000.00",
            "sellingAndMarketingExpenses": "16000000.00",
            "grossProfit": "8763000000.00",
            "reconciledDepreciation": null,
            "ebit": "3120000000.00",
            "ebitda": "3725000000.00",
            "depreciationAndAmortization": "605000000.00",
            "nonOperatingIncomeNetOther": null,
            "operatingIncome": "3035000000.00",
            "otherOperatingExpenses": "20499000000.00",
            "interestExpense": "437000000.00",
            "taxProvision": null,
            "interestIncome": null,
            "netInterestIncome": null,
            "extraordinaryItems": null,
            "nonRecurring": null,
            "otherItems": null,
            "incomeTaxExpense": "651000000.00",
            "totalRevenue": "23392000000.00",
            "totalOperatingExpenses": "5870000000.00",
            "costOfRevenue": "14629000000.00",
            "totalOtherIncomeExpenseNet": "-460000000.00",
            "discontinuedOperations": "61000000.00",
            "netIncomeFromContinuingOps": "1924000000.00",
            "netIncomeApplicableToCommonShares": "1888000000.00",
            "preferredStockAndOtherAdjustments": null
        },
        "2012-12-31": {
            "date": "2012-12-31",
            "filing_date": "2012-12-31",
            "currency_symbol": "EUR",
            "researchDevelopment": "507000000.00",
            "effectOfAccountingCharges": null,
            "incomeBeforeTax": "2461000000.00",
            "minorityInterest": null,
            "netIncome": "1813000000.00",
            "sellingGeneralAdministrative": "5035000000.00",
            "sellingAndMarketingExpenses": null,
            "grossProfit": "9057000000.00",
            "reconciledDepreciation": null,
            "ebit": "2723000000.00",
            "ebitda": "3537000000.00",
            "depreciationAndAmortization": "814000000.00",
            "nonOperatingIncomeNetOther": null,
            "operatingIncome": "2866000000.00",
            "otherOperatingExpenses": "20655000000.00",
            "interestExpense": "428000000.00",
            "taxProvision": null,
            "interestIncome": null,
            "netInterestIncome": null,
            "extraordinaryItems": null,
            "nonRecurring": null,
            "otherItems": null,
            "incomeTaxExpense": "568000000.00",
            "totalRevenue": "23946000000.00",
            "totalOperatingExpenses": "5766000000.00",
            "costOfRevenue": "14889000000.00",
            "totalOtherIncomeExpenseNet": "-780000000.00",
            "discontinuedOperations": null,
            "netIncomeFromContinuingOps": null,
            "netIncomeApplicableToCommonShares": null,
            "preferredStockAndOtherAdjustments": null
        },
        "2011-12-31": {
            "date": "2011-12-31",
            "filing_date": "2011-12-31",
            "currency_symbol": "EUR",
            "researchDevelopment": "539000000.00",
            "effectOfAccountingCharges": null,
            "incomeBeforeTax": "2466000000.00",
            "minorityInterest": null,
            "netIncome": "1793000000.00",
            "sellingGeneralAdministrative": "4658000000.00",
            "sellingAndMarketingExpenses": null,
            "grossProfit": "8429000000.00",
            "reconciledDepreciation": null,
            "ebit": "2713000000.00",
            "ebitda": "3479000000.00",
            "depreciationAndAmortization": "766000000.00",
            "nonOperatingIncomeNetOther": null,
            "operatingIncome": "2853000000.00",
            "otherOperatingExpenses": "19389000000.00",
            "interestExpense": "331000000.00",
            "taxProvision": null,
            "interestIncome": null,
            "netInterestIncome": null,
            "extraordinaryItems": null,
            "nonRecurring": null,
            "otherItems": null,
            "incomeTaxExpense": "562000000.00",
            "totalRevenue": "22387000000.00",
            "totalOperatingExpenses": "5431000000.00",
            "costOfRevenue": "13958000000.00",
            "totalOtherIncomeExpenseNet": "-457000000.00",
            "discontinuedOperations": null,
            "netIncomeFromContinuingOps": null,
            "netIncomeApplicableToCommonShares": null,
            "preferredStockAndOtherAdjustments": null
        },
        "2010-12-31": {
            "date": "2010-12-31",
            "filing_date": "2010-12-31",
            "currency_symbol": "EUR",
            "researchDevelopment": "450000000.00",
            "effectOfAccountingCharges": null,
            "incomeBeforeTax": "2356000000.00",
            "minorityInterest": null,
            "netIncome": "1720000000.00",
            "sellingGeneralAdministrative": "4269000000.00",
            "sellingAndMarketingExpenses": null,
            "grossProfit": "7738000000.00",
            "reconciledDepreciation": null,
            "ebit": "2641000000.00",
            "ebitda": "3386000000.00",
            "depreciationAndAmortization": "745000000.00",
            "nonOperatingIncomeNetOther": null,
            "operatingIncome": "2703000000.00",
            "otherOperatingExpenses": "16781000000.00",
            "interestExpense": "306000000.00",
            "taxProvision": null,
            "interestIncome": null,
            "netInterestIncome": null,
            "extraordinaryItems": null,
            "nonRecurring": null,
            "otherItems": null,
            "incomeTaxExpense": "566000000.00",
            "totalRevenue": "19580000000.00",
            "totalOperatingExpenses": "4939000000.00",
            "costOfRevenue": "11842000000.00",
            "totalOtherIncomeExpenseNet": "-347000000.00",
            "discontinuedOperations": null,
            "netIncomeFromContinuingOps": null,
            "netIncomeApplicableToCommonShares": null,
            "preferredStockAndOtherAdjustments": null
        },
        "2009-12-31": {
            "date": "2009-12-31",
            "filing_date": "2009-12-31",
            "currency_symbol": "EUR",
            "researchDevelopment": "403000000.00",
            "effectOfAccountingCharges": null,
            "incomeBeforeTax": "1208000000.00",
            "minorityInterest": null,
            "netIncome": "824000000.00",
            "sellingGeneralAdministrative": "3770000000.00",
            "sellingAndMarketingExpenses": null,
            "grossProfit": "6221000000.00",
            "reconciledDepreciation": null,
            "ebit": "1531000000.00",
            "ebitda": "2127000000.00",
            "depreciationAndAmortization": "596000000.00",
            "nonOperatingIncomeNetOther": null,
            "operatingIncome": "1592000000.00",
            "otherOperatingExpenses": "13888000000.00",
            "interestExpense": "323000000.00",
            "taxProvision": null,
            "interestIncome": null,
            "netInterestIncome": null,
            "extraordinaryItems": null,
            "nonRecurring": null,
            "otherItems": null,
            "incomeTaxExpense": "293000000.00",
            "totalRevenue": "15793000000.00",
            "totalOperatingExpenses": "4316000000.00",
            "costOfRevenue": "9572000000.00",
            "totalOtherIncomeExpenseNet": "-711000000.00",
            "discontinuedOperations": null,
            "netIncomeFromContinuingOps": null,
            "netIncomeApplicableToCommonShares": null,
            "preferredStockAndOtherAdjustments": null
        },
        "2008-12-31": {
            "date": "2008-12-31",
            "filing_date": "2008-12-31",
            "currency_symbol": "EUR",
            "researchDevelopment": "402000000.00",
            "effectOfAccountingCharges": null,
            "incomeBeforeTax": "2278000000.00",
            "minorityInterest": null,
            "netIncome": "1682000000.00",
            "sellingGeneralAdministrative": "4120000000.00",
            "sellingAndMarketingExpenses": null,
            "grossProfit": "7415000000.00",
            "reconciledDepreciation": null,
            "ebit": "2654000000.00",
            "ebitda": "3202000000.00",
            "depreciationAndAmortization": "548000000.00",
            "nonOperatingIncomeNetOther": null,
            "operatingIncome": "2580000000.00",
            "otherOperatingExpenses": "15731000000.00",
            "interestExpense": "246000000.00",
            "taxProvision": null,
            "interestIncome": null,
            "netInterestIncome": null,
            "extraordinaryItems": null,
            "nonRecurring": null,
            "otherItems": null,
            "incomeTaxExpense": "555000000.00",
            "totalRevenue": "18311000000.00",
            "totalOperatingExpenses": "4835000000.00",
            "costOfRevenue": "10896000000.00",
            "totalOtherIncomeExpenseNet": "-333000000.00",
            "discontinuedOperations": null,
            "netIncomeFromContinuingOps": null,
            "netIncomeApplicableToCommonShares": null,
            "preferredStockAndOtherAdjustments": null
        },
        "2007-12-31": {
            "date": "2007-12-31",
            "filing_date": "2007-12-31",
            "currency_symbol": "EUR",
            "researchDevelopment": "417100000.00",
            "effectOfAccountingCharges": null,
            "incomeBeforeTax": "2221500000.00",
            "minorityInterest": null,
            "netIncome": "1583000000.00",
            "sellingGeneralAdministrative": "3978100000.00",
            "sellingAndMarketingExpenses": null,
            "grossProfit": "7098600000.00",
            "reconciledDepreciation": null,
            "ebit": "2467700000.00",
            "ebitda": "2962000000.00",
            "depreciationAndAmortization": "494300000.00",
            "nonOperatingIncomeNetOther": null,
            "operatingIncome": "2483100000.00",
            "otherOperatingExpenses": "14825500000.00",
            "interestExpense": "246800000.00",
            "taxProvision": null,
            "interestIncome": null,
            "netInterestIncome": null,
            "extraordinaryItems": null,
            "nonRecurring": null,
            "otherItems": null,
            "incomeTaxExpense": "600000000.00",
            "totalRevenue": "17308600000.00",
            "totalOperatingExpenses": "4615500000.00",
            "costOfRevenue": "10210000000.00",
            "totalOtherIncomeExpenseNet": "-261500000.00",
            "discontinuedOperations": null,
            "netIncomeFromContinuingOps": null,
            "netIncomeApplicableToCommonShares": null,
            "preferredStockAndOtherAdjustments": null
        },
        "2006-12-31": {
            "date": "2006-12-31",
            "filing_date": "2006-12-31",
            "currency_symbol": "EUR",
            "researchDevelopment": "327600000.00",
            "effectOfAccountingCharges": null,
            "incomeBeforeTax": "1881700000.00",
            "minorityInterest": null,
            "netIncome": "1346600000.00",
            "sellingGeneralAdministrative": "3234800000.00",
            "sellingAndMarketingExpenses": null,
            "grossProfit": "5679100000.00",
            "reconciledDepreciation": null,
            "ebit": "1985700000.00",
            "ebitda": "2378200000.00",
            "depreciationAndAmortization": "392500000.00",
            "nonOperatingIncomeNetOther": null,
            "operatingIncome": "2000700000.00",
            "otherOperatingExpenses": "11729000000.00",
            "interestExpense": "104000000.00",
            "taxProvision": null,
            "interestIncome": null,
            "netInterestIncome": null,
            "extraordinaryItems": null,
            "nonRecurring": null,
            "otherItems": null,
            "incomeTaxExpense": "535100000.00",
            "totalRevenue": "13729700000.00",
            "totalOperatingExpenses": "3678400000.00",
            "costOfRevenue": "8050600000.00",
            "totalOtherIncomeExpenseNet": "-119000000.00",
            "discontinuedOperations": null,
            "netIncomeFromContinuingOps": null,
            "netIncomeApplicableToCommonShares": null,
            "preferredStockAndOtherAdjustments": null
        },
        "2005-12-31": {
            "date": "2005-12-31",
            "filing_date": "2005-12-31",
            "currency_symbol": "EUR",
            "researchDevelopment": "273700000.00",
            "effectOfAccountingCharges": null,
            "incomeBeforeTax": "1457100000.00",
            "minorityInterest": null,
            "netIncome": "994300000.00",
            "sellingGeneralAdministrative": "2812800000.00",
            "sellingAndMarketingExpenses": null,
            "grossProfit": "4755000000.00",
            "reconciledDepreciation": null,
            "ebit": "1560200000.00",
            "ebitda": "1928300000.00",
            "depreciationAndAmortization": "368100000.00",
            "nonOperatingIncomeNetOther": null,
            "operatingIncome": "1565300000.00",
            "otherOperatingExpenses": "10113500000.00",
            "interestExpense": "103100000.00",
            "taxProvision": null,
            "interestIncome": null,
            "netInterestIncome": null,
            "extraordinaryItems": null,
            "nonRecurring": null,
            "otherItems": null,
            "incomeTaxExpense": "427500000.00",
            "totalRevenue": "11678800000.00",
            "totalOperatingExpenses": "3189700000.00",
            "costOfRevenue": "6923800000.00",
            "totalOtherIncomeExpenseNet": "-108200000.00",
            "discontinuedOperations": null,
            "netIncomeFromContinuingOps": null,
            "netIncomeApplicableToCommonShares": null,
            "preferredStockAndOtherAdjustments": null
        },
        "2004-12-31": {
            "date": "2004-12-31",
            "filing_date": "2004-12-31",
            "currency_symbol": "EUR",
            "researchDevelopment": "535200000.00",
            "effectOfAccountingCharges": null,
            "incomeBeforeTax": "1244800000.00",
            "minorityInterest": null,
            "netIncome": "594700000.00",
            "sellingGeneralAdministrative": "2554300000.00",
            "sellingAndMarketingExpenses": null,
            "grossProfit": "4400200000.00",
            "reconciledDepreciation": null,
            "ebit": "1069300000.00",
            "ebitda": "1648800000.00",
            "depreciationAndAmortization": "579500000.00",
            "nonOperatingIncomeNetOther": null,
            "operatingIncome": "1310700000.00",
            "otherOperatingExpenses": "9054600000.00",
            "interestExpense": "65900000.00",
            "taxProvision": null,
            "interestIncome": null,
            "netInterestIncome": null,
            "extraordinaryItems": null,
            "nonRecurring": null,
            "otherItems": null,
            "incomeTaxExpense": "333100000.00",
            "totalRevenue": "10365300000.00",
            "totalOperatingExpenses": "3089500000.00",
            "costOfRevenue": "5965100000.00",
            "totalOtherIncomeExpenseNet": "-41600000.00",
            "discontinuedOperations": null,
            "netIncomeFromContinuingOps": null,
            "netIncomeApplicableToCommonShares": null,
            "preferredStockAndOtherAdjustments": null
        },
        "2003-12-31": {
            "date": "2003-12-31",
            "filing_date": "2003-12-31",
            "currency_symbol": "EUR",
            "researchDevelopment": "494000000.00",
            "effectOfAccountingCharges": null,
            "incomeBeforeTax": "954300000.00",
            "minorityInterest": null,
            "netIncome": "432800000.00",
            "sellingGeneralAdministrative": "2215800000.00",
            "sellingAndMarketingExpenses": null,
            "grossProfit": "3717200000.00",
            "reconciledDepreciation": null,
            "ebit": "1007400000.00",
            "ebitda": "1541800000.00",
            "depreciationAndAmortization": "534400000.00",
            "nonOperatingIncomeNetOther": null,
            "operatingIncome": "1007400000.00",
            "otherOperatingExpenses": "7772900000.00",
            "interestExpense": "53100000.00",
            "taxProvision": null,
            "interestIncome": null,
            "netInterestIncome": null,
            "extraordinaryItems": null,
            "nonRecurring": null,
            "otherItems": null,
            "incomeTaxExpense": "127300000.00",
            "totalRevenue": "8780300000.00",
            "totalOperatingExpenses": "2709800000.00",
            "costOfRevenue": "5063100000.00",
            "totalOtherIncomeExpenseNet": "-53100000.00",
            "discontinuedOperations": null,
            "netIncomeFromContinuingOps": null,
            "netIncomeApplicableToCommonShares": null,
            "preferredStockAndOtherAdjustments": null
        },
        "2002-12-31": {
            "date": "2002-12-31",
            "filing_date": "2002-12-31",
            "currency_symbol": "EUR",
            "researchDevelopment": "472700000.00",
            "effectOfAccountingCharges": null,
            "incomeBeforeTax": "881900000.00",
            "minorityInterest": null,
            "netIncome": "422000000.00",
            "sellingGeneralAdministrative": "2242900000.00",
            "sellingAndMarketingExpenses": null,
            "grossProfit": "3755300000.00",
            "reconciledDepreciation": null,
            "ebit": "1039700000.00",
            "ebitda": "1582600000.00",
            "depreciationAndAmortization": "542900000.00",
            "nonOperatingIncomeNetOther": null,
            "operatingIncome": "1039600000.00",
            "otherOperatingExpenses": "8020800000.00",
            "interestExpense": "157800000.00",
            "taxProvision": null,
            "interestIncome": null,
            "netInterestIncome": null,
            "extraordinaryItems": null,
            "nonRecurring": null,
            "otherItems": null,
            "incomeTaxExpense": "-295000000.00",
            "totalRevenue": "9060500000.00",
            "totalOperatingExpenses": "2715600000.00",
            "costOfRevenue": "5305200000.00",
            "totalOtherIncomeExpenseNet": "-157700000.00",
            "discontinuedOperations": null,
            "netIncomeFromContinuingOps": null,
            "netIncomeApplicableToCommonShares": null,
            "preferredStockAndOtherAdjustments": null
        },
        "2001-12-31": {
            "date": "2001-12-31",
            "filing_date": "2001-12-31",
            "currency_symbol": "EUR",
            "researchDevelopment": "512700000.00",
            "effectOfAccountingCharges": null,
            "incomeBeforeTax": "995400000.00",
            "minorityInterest": null,
            "netIncome": "-964000000.00",
            "sellingGeneralAdministrative": "2320600000.00",
            "sellingAndMarketingExpenses": null,
            "grossProfit": "3949600000.00",
            "reconciledDepreciation": null,
            "ebit": "1116300000.00",
            "ebitda": "1636900000.00",
            "depreciationAndAmortization": "520600000.00",
            "nonOperatingIncomeNetOther": null,
            "operatingIncome": "1116300000.00",
            "otherOperatingExpenses": "8711900000.00",
            "interestExpense": "120900000.00",
            "taxProvision": null,
            "interestIncome": null,
            "netInterestIncome": null,
            "extraordinaryItems": null,
            "nonRecurring": null,
            "otherItems": null,
            "incomeTaxExpense": "206900000.00",
            "totalRevenue": "9828200000.00",
            "totalOperatingExpenses": "2833300000.00",
            "costOfRevenue": "5878600000.00",
            "totalOtherIncomeExpenseNet": "-120900000.00",
            "discontinuedOperations": null,
            "netIncomeFromContinuingOps": null,
            "netIncomeApplicableToCommonShares": null,
            "preferredStockAndOtherAdjustments": null
        }
    }
}