{
    "currency_symbol": "NOK",
    "quarterly": {
        "2025-06-30": {
            "date": "2025-06-30",
            "filing_date": null,
            "currency_symbol": "NOK",
            "researchDevelopment": null,
            "effectOfAccountingCharges": null,
            "incomeBeforeTax": "13091000000.00",
            "minorityInterest": "7000000.00",
            "netIncome": "10049000000.00",
            "sellingGeneralAdministrative": "259000000.00",
            "sellingAndMarketingExpenses": null,
            "grossProfit": null,
            "reconciledDepreciation": "972000000.00",
            "ebit": null,
            "ebitda": null,
            "depreciationAndAmortization": null,
            "nonOperatingIncomeNetOther": null,
            "operatingIncome": null,
            "otherOperatingExpenses": null,
            "interestExpense": "31375000000.00",
            "taxProvision": "2618000000.00",
            "interestIncome": "47527000000.00",
            "netInterestIncome": "16152000000.00",
            "extraordinaryItems": "-30000000.00",
            "nonRecurring": null,
            "otherItems": null,
            "incomeTaxExpense": null,
            "totalRevenue": "22097000000.00",
            "totalOperatingExpenses": null,
            "costOfRevenue": null,
            "totalOtherIncomeExpenseNet": null,
            "discontinuedOperations": null,
            "netIncomeFromContinuingOps": "10473000000.00",
            "netIncomeApplicableToCommonShares": "10047000000.00",
            "preferredStockAndOtherAdjustments": null
        },
        "2025-03-31": {
            "date": "2025-03-31",
            "filing_date": null,
            "currency_symbol": "NOK",
            "researchDevelopment": null,
            "effectOfAccountingCharges": null,
            "incomeBeforeTax": "13614000000.00",
            "minorityInterest": "-6000000.00",
            "netIncome": "10433000000.00",
            "sellingGeneralAdministrative": "222000000.00",
            "sellingAndMarketingExpenses": null,
            "grossProfit": null,
            "reconciledDepreciation": "886000000.00",
            "ebit": null,
            "ebitda": null,
            "depreciationAndAmortization": null,
            "nonOperatingIncomeNetOther": null,
            "operatingIncome": null,
            "otherOperatingExpenses": null,
            "interestExpense": "30415000000.00",
            "taxProvision": "2723000000.00",
            "interestIncome": "46826000000.00",
            "netInterestIncome": "16411000000.00",
            "extraordinaryItems": "-43000000.00",
            "nonRecurring": null,
            "otherItems": null,
            "incomeTaxExpense": null,
            "totalRevenue": "21888000000.00",
            "totalOperatingExpenses": null,
            "costOfRevenue": null,
            "totalOtherIncomeExpenseNet": null,
            "discontinuedOperations": null,
            "netIncomeFromContinuingOps": "10891000000.00",
            "netIncomeApplicableToCommonShares": "10434000000.00",
            "preferredStockAndOtherAdjustments": null
        },
        "2024-12-31": {
            "date": "2024-12-31",
            "filing_date": null,
            "currency_symbol": "NOK",
            "researchDevelopment": null,
            "effectOfAccountingCharges": null,
            "incomeBeforeTax": "13334000000.00",
            "minorityInterest": "-28000000.00",
            "netIncome": "12178000000.00",
            "sellingGeneralAdministrative": "227000000.00",
            "sellingAndMarketingExpenses": null,
            "grossProfit": null,
            "reconciledDepreciation": "910000000.00",
            "ebit": null,
            "ebitda": null,
            "depreciationAndAmortization": null,
            "nonOperatingIncomeNetOther": null,
            "operatingIncome": null,
            "otherOperatingExpenses": null,
            "interestExpense": "31214000000.00",
            "taxProvision": "765000000.00",
            "interestIncome": "47934000000.00",
            "netInterestIncome": "16720000000.00",
            "extraordinaryItems": "106000000.00",
            "nonRecurring": null,
            "otherItems": null,
            "incomeTaxExpense": null,
            "totalRevenue": "21463000000.00",
            "totalOperatingExpenses": null,
            "costOfRevenue": null,
            "totalOtherIncomeExpenseNet": null,
            "discontinuedOperations": null,
            "netIncomeFromContinuingOps": "12569000000.00",
            "netIncomeApplicableToCommonShares": "12177000000.00",
            "preferredStockAndOtherAdjustments": null
        },
        "2024-09-30": {
            "date": "2024-09-30",
            "filing_date": null,
            "currency_symbol": "NOK",
            "researchDevelopment": null,
            "effectOfAccountingCharges": null,
            "incomeBeforeTax": "15250000000.00",
            "minorityInterest": "1000000.00",
            "netIncome": "12161000000.00",
            "sellingGeneralAdministrative": "209000000.00",
            "sellingAndMarketingExpenses": null,
            "grossProfit": null,
            "reconciledDepreciation": "910000000.00",
            "ebit": null,
            "ebitda": null,
            "depreciationAndAmortization": null,
            "nonOperatingIncomeNetOther": null,
            "operatingIncome": null,
            "otherOperatingExpenses": null,
            "interestExpense": "31987000000.00",
            "taxProvision": "3050000000.00",
            "interestIncome": "48115000000.00",
            "netInterestIncome": "16128000000.00",
            "extraordinaryItems": null,
            "nonRecurring": null,
            "otherItems": null,
            "incomeTaxExpense": null,
            "totalRevenue": "21832000000.00",
            "totalOperatingExpenses": null,
            "costOfRevenue": null,
            "totalOtherIncomeExpenseNet": null,
            "discontinuedOperations": null,
            "netIncomeFromContinuingOps": "12200000000.00",
            "netIncomeApplicableToCommonShares": null,
            "preferredStockAndOtherAdjustments": null
        },
        "2024-06-30": {
            "date": "2024-06-30",
            "filing_date": "2024-06-30",
            "currency_symbol": "NOK",
            "researchDevelopment": null,
            "effectOfAccountingCharges": null,
            "incomeBeforeTax": "13246000000.00",
            "minorityInterest": "-6000000.00",
            "netIncome": "10760000000.00",
            "sellingGeneralAdministrative": "4316000000.00",
            "sellingAndMarketingExpenses": "272000000.00",
            "grossProfit": "55780000000.00",
            "reconciledDepreciation": "898000000.00",
            "ebit": "-1396000000.00",
            "ebitda": "-498000000.00",
            "depreciationAndAmortization": "898000000.00",
            "nonOperatingIncomeNetOther": null,
            "operatingIncome": "13507000000.00",
            "otherOperatingExpenses": "42521000000.00",
            "interestExpense": "33348000000.00",
            "taxProvision": "2701000000.00",
            "interestIncome": "49164000000.00",
            "netInterestIncome": "15816000000.00",
            "extraordinaryItems": null,
            "nonRecurring": null,
            "otherItems": null,
            "incomeTaxExpense": "2701000000.00",
            "totalRevenue": "55780000000.00",
            "totalOperatingExpenses": "3111000000.00",
            "costOfRevenue": null,
            "totalOtherIncomeExpenseNet": "13246000000.00",
            "discontinuedOperations": null,
            "netIncomeFromContinuingOps": "10803000000.00",
            "netIncomeApplicableToCommonShares": null,
            "preferredStockAndOtherAdjustments": null
        },
        "2024-03-31": {
            "date": "2024-03-31",
            "filing_date": "2024-03-31",
            "currency_symbol": "NOK",
            "researchDevelopment": null,
            "effectOfAccountingCharges": null,
            "incomeBeforeTax": "12789000000.00",
            "minorityInterest": "-1000000.00",
            "netIncome": "10201000000.00",
            "sellingGeneralAdministrative": "4268000000.00",
            "sellingAndMarketingExpenses": "205000000.00",
            "grossProfit": "20076000000.00",
            "reconciledDepreciation": "908000000.00",
            "ebit": "-1266000000.00",
            "ebitda": "-391000000.00",
            "depreciationAndAmortization": "875000000.00",
            "nonOperatingIncomeNetOther": null,
            "operatingIncome": "12767000000.00",
            "otherOperatingExpenses": "7287000000.00",
            "interestExpense": "32815000000.00",
            "taxProvision": "2558000000.00",
            "interestIncome": "48340000000.00",
            "netInterestIncome": "15525000000.00",
            "extraordinaryItems": null,
            "nonRecurring": null,
            "otherItems": null,
            "incomeTaxExpense": "2558000000.00",
            "totalRevenue": "20208000000.00",
            "totalOperatingExpenses": "7287000000.00",
            "costOfRevenue": "132000000.00",
            "totalOtherIncomeExpenseNet": "22000000.00",
            "discontinuedOperations": null,
            "netIncomeFromContinuingOps": "10231000000.00",
            "netIncomeApplicableToCommonShares": null,
            "preferredStockAndOtherAdjustments": null
        },
        "2023-12-31": {
            "date": "2023-12-31",
            "filing_date": "2023-12-31",
            "currency_symbol": "NOK",
            "researchDevelopment": null,
            "effectOfAccountingCharges": null,
            "incomeBeforeTax": "11366000000.00",
            "minorityInterest": "15000000.00",
            "netIncome": "9419000000.00",
            "sellingGeneralAdministrative": "4445000000.00",
            "sellingAndMarketingExpenses": "218000000.00",
            "grossProfit": "19711000000.00",
            "reconciledDepreciation": "977000000.00",
            "ebit": "11243000000.00",
            "ebitda": "12220000000.00",
            "depreciationAndAmortization": "977000000.00",
            "nonOperatingIncomeNetOther": null,
            "operatingIncome": "11243000000.00",
            "otherOperatingExpenses": "38941000000.00",
            "interestExpense": "28835000000.00",
            "taxProvision": "1824000000.00",
            "interestIncome": "44830000000.00",
            "netInterestIncome": "15995000000.00",
            "extraordinaryItems": null,
            "nonRecurring": null,
            "otherItems": null,
            "incomeTaxExpense": "1824000000.00",
            "totalRevenue": "19711000000.00",
            "totalOperatingExpenses": "3135000000.00",
            "costOfRevenue": null,
            "totalOtherIncomeExpenseNet": "123000000.00",
            "discontinuedOperations": null,
            "netIncomeFromContinuingOps": "9542000000.00",
            "netIncomeApplicableToCommonShares": null,
            "preferredStockAndOtherAdjustments": null
        },
        "2023-09-30": {
            "date": "2023-09-30",
            "filing_date": "2023-09-30",
            "currency_symbol": "NOK",
            "researchDevelopment": null,
            "effectOfAccountingCharges": null,
            "incomeBeforeTax": "13172000000.00",
            "minorityInterest": "-6000000.00",
            "netIncome": "10137000000.00",
            "sellingGeneralAdministrative": "3943000000.00",
            "sellingAndMarketingExpenses": "227000000.00",
            "grossProfit": "21035000000.00",
            "reconciledDepreciation": "900000000.00",
            "ebit": "13166000000.00",
            "ebitda": "14066000000.00",
            "depreciationAndAmortization": "900000000.00",
            "nonOperatingIncomeNetOther": null,
            "operatingIncome": "13166000000.00",
            "otherOperatingExpenses": "7869000000.00",
            "interestExpense": "27474000000.00",
            "taxProvision": "3029000000.00",
            "interestIncome": "43194000000.00",
            "netInterestIncome": "15720000000.00",
            "extraordinaryItems": "0.00",
            "nonRecurring": null,
            "otherItems": null,
            "incomeTaxExpense": "3029000000.00",
            "totalRevenue": "21035000000.00",
            "totalOperatingExpenses": "-7869000000.00",
            "costOfRevenue": null,
            "totalOtherIncomeExpenseNet": "6000000.00",
            "discontinuedOperations": null,
            "netIncomeFromContinuingOps": "10143000000.00",
            "netIncomeApplicableToCommonShares": "9805000000.00",
            "preferredStockAndOtherAdjustments": null
        },
        "2023-06-30": {
            "date": "2023-06-30",
            "filing_date": "2023-06-30",
            "currency_symbol": "NOK",
            "researchDevelopment": null,
            "effectOfAccountingCharges": null,
            "incomeBeforeTax": "12263000000.00",
            "minorityInterest": "-11000000.00",
            "netIncome": "9450000000.00",
            "sellingGeneralAdministrative": "4024000000.00",
            "sellingAndMarketingExpenses": "236000000.00",
            "grossProfit": "20125000000.00",
            "reconciledDepreciation": "937000000.00",
            "ebit": "35506000000.00",
            "ebitda": "36443000000.00",
            "depreciationAndAmortization": "937000000.00",
            "nonOperatingIncomeNetOther": null,
            "operatingIncome": "35506000000.00",
            "otherOperatingExpenses": "15381000000.00",
            "interestExpense": "23235000000.00",
            "taxProvision": "2821000000.00",
            "interestIncome": "38466000000.00",
            "netInterestIncome": "15231000000.00",
            "extraordinaryItems": "19000000.00",
            "nonRecurring": null,
            "otherItems": null,
            "incomeTaxExpense": "2821000000.00",
            "totalRevenue": "20125000000.00",
            "totalOperatingExpenses": "15381000000.00",
            "costOfRevenue": null,
            "totalOtherIncomeExpenseNet": "-23243000000.00",
            "discontinuedOperations": null,
            "netIncomeFromContinuingOps": "9442000000.00",
            "netIncomeApplicableToCommonShares": "9805000000.00",
            "preferredStockAndOtherAdjustments": null
        },
        "2023-03-31": {
            "date": "2023-03-31",
            "filing_date": "2023-03-31",
            "currency_symbol": "NOK",
            "researchDevelopment": null,
            "effectOfAccountingCharges": null,
            "incomeBeforeTax": "13639000000.00",
            "minorityInterest": "0.00",
            "netIncome": "10472000000.00",
            "sellingGeneralAdministrative": "3943000000.00",
            "sellingAndMarketingExpenses": "235000000.00",
            "grossProfit": "20371000000.00",
            "reconciledDepreciation": "979000000.00",
            "ebit": "33165000000.00",
            "ebitda": "34144000000.00",
            "depreciationAndAmortization": "979000000.00",
            "nonOperatingIncomeNetOther": null,
            "operatingIncome": "33165000000.00",
            "otherOperatingExpenses": "12794000000.00",
            "interestExpense": "19556000000.00",
            "taxProvision": "3137000000.00",
            "interestIncome": "34155000000.00",
            "netInterestIncome": "14599000000.00",
            "extraordinaryItems": "-30000000.00",
            "nonRecurring": null,
            "otherItems": null,
            "incomeTaxExpense": "3137000000.00",
            "totalRevenue": "20371000000.00",
            "totalOperatingExpenses": "12794000000.00",
            "costOfRevenue": null,
            "totalOtherIncomeExpenseNet": "-19526000000.00",
            "discontinuedOperations": null,
            "netIncomeFromContinuingOps": "10502000000.00",
            "netIncomeApplicableToCommonShares": "10192000000.00",
            "preferredStockAndOtherAdjustments": null
        },
        "2022-12-31": {
            "date": "2022-12-31",
            "filing_date": "2022-12-31",
            "currency_symbol": "NOK",
            "researchDevelopment": null,
            "effectOfAccountingCharges": null,
            "incomeBeforeTax": "10280000000.00",
            "minorityInterest": "-9000000.00",
            "netIncome": "10092000000.00",
            "sellingGeneralAdministrative": "4300000000.00",
            "sellingAndMarketingExpenses": "228000000.00",
            "grossProfit": "18045000000.00",
            "reconciledDepreciation": "914000000.00",
            "ebit": "25555000000.00",
            "ebitda": "26469000000.00",
            "depreciationAndAmortization": "914000000.00",
            "nonOperatingIncomeNetOther": null,
            "operatingIncome": "25555000000.00",
            "otherOperatingExpenses": "7510000000.00",
            "interestExpense": "15157000000.00",
            "taxProvision": "609000000.00",
            "interestIncome": "29229000000.00",
            "netInterestIncome": "14072000000.00",
            "extraordinaryItems": "127000000.00",
            "nonRecurring": null,
            "otherItems": null,
            "incomeTaxExpense": "460000000.00",
            "totalRevenue": "18045000000.00",
            "totalOperatingExpenses": "7510000000.00",
            "costOfRevenue": null,
            "totalOtherIncomeExpenseNet": "-15275000000.00",
            "discontinuedOperations": "127000000.00",
            "netIncomeFromContinuingOps": "9820000000.00",
            "netIncomeApplicableToCommonShares": "9704000000.00",
            "preferredStockAndOtherAdjustments": null
        },
        "2022-09-30": {
            "date": "2022-09-30",
            "filing_date": "2022-09-30",
            "currency_symbol": "NOK",
            "researchDevelopment": null,
            "effectOfAccountingCharges": null,
            "incomeBeforeTax": "9803000000.00",
            "minorityInterest": "-6000000.00",
            "netIncome": "7568000000.00",
            "sellingGeneralAdministrative": "3625000000.00",
            "sellingAndMarketingExpenses": "191000000.00",
            "grossProfit": "16123000000.00",
            "reconciledDepreciation": "901000000.00",
            "ebit": "18899000000.00",
            "ebitda": "19800000000.00",
            "depreciationAndAmortization": "901000000.00",
            "nonOperatingIncomeNetOther": null,
            "operatingIncome": "18899000000.00",
            "otherOperatingExpenses": "2776000000.00",
            "interestExpense": "9076000000.00",
            "taxProvision": "2255000000.00",
            "interestIncome": "21329000000.00",
            "netInterestIncome": "12253000000.00",
            "extraordinaryItems": "26000000.00",
            "nonRecurring": null,
            "otherItems": null,
            "incomeTaxExpense": "2255000000.00",
            "totalRevenue": "16123000000.00",
            "totalOperatingExpenses": "2776000000.00",
            "costOfRevenue": null,
            "totalOtherIncomeExpenseNet": "-9096000000.00",
            "discontinuedOperations": "26000000.00",
            "netIncomeFromContinuingOps": "7548000000.00",
            "netIncomeApplicableToCommonShares": "7397000000.00",
            "preferredStockAndOtherAdjustments": null
        },
        "2022-06-30": {
            "date": "2022-06-30",
            "filing_date": "2022-06-30",
            "currency_symbol": "NOK",
            "researchDevelopment": null,
            "effectOfAccountingCharges": null,
            "incomeBeforeTax": "10005000000.00",
            "minorityInterest": "-36000000.00",
            "netIncome": "7749000000.00",
            "sellingGeneralAdministrative": "3637000000.00",
            "sellingAndMarketingExpenses": "244000000.00",
            "grossProfit": "16177000000.00",
            "reconciledDepreciation": "874000000.00",
            "ebit": "14651000000.00",
            "ebitda": "15528000000.00",
            "depreciationAndAmortization": "877000000.00",
            "nonOperatingIncomeNetOther": null,
            "operatingIncome": "14654000000.00",
            "otherOperatingExpenses": "1523000000.00",
            "interestExpense": "4604000000.00",
            "taxProvision": "2301000000.00",
            "interestIncome": "16129000000.00",
            "netInterestIncome": "11525000000.00",
            "extraordinaryItems": "81000000.00",
            "nonRecurring": null,
            "otherItems": null,
            "incomeTaxExpense": "2301000000.00",
            "totalRevenue": "16177000000.00",
            "totalOperatingExpenses": "-1523000000.00",
            "costOfRevenue": null,
            "totalOtherIncomeExpenseNet": "-4649000000.00",
            "discontinuedOperations": "81000000.00",
            "netIncomeFromContinuingOps": "7704000000.00",
            "netIncomeApplicableToCommonShares": "7611000000.00",
            "preferredStockAndOtherAdjustments": null
        },
        "2022-03-31": {
            "date": "2022-03-31",
            "filing_date": "2022-03-31",
            "currency_symbol": "NOK",
            "researchDevelopment": null,
            "effectOfAccountingCharges": null,
            "incomeBeforeTax": "9765000000.00",
            "minorityInterest": "-31000000.00",
            "netIncome": "7524000000.00",
            "sellingGeneralAdministrative": "3362000000.00",
            "sellingAndMarketingExpenses": "178000000.00",
            "grossProfit": "15158000000.00",
            "reconciledDepreciation": "850000000.00",
            "ebit": "12631000000.00",
            "ebitda": "13481000000.00",
            "depreciationAndAmortization": "850000000.00",
            "nonOperatingIncomeNetOther": null,
            "operatingIncome": "12631000000.00",
            "otherOperatingExpenses": "2527000000.00",
            "interestExpense": "2861000000.00",
            "taxProvision": "2246000000.00",
            "interestIncome": "13308000000.00",
            "netInterestIncome": "10447000000.00",
            "extraordinaryItems": "36000000.00",
            "nonRecurring": null,
            "otherItems": null,
            "incomeTaxExpense": "2246000000.00",
            "totalRevenue": "15158000000.00",
            "totalOperatingExpenses": "-2527000000.00",
            "costOfRevenue": null,
            "totalOtherIncomeExpenseNet": "-2866000000.00",
            "discontinuedOperations": "36000000.00",
            "netIncomeFromContinuingOps": "7519000000.00",
            "netIncomeApplicableToCommonShares": "7299000000.00",
            "preferredStockAndOtherAdjustments": null
        },
        "2021-12-31": {
            "date": "2021-12-31",
            "filing_date": "2021-12-31",
            "currency_symbol": "NOK",
            "researchDevelopment": null,
            "effectOfAccountingCharges": null,
            "incomeBeforeTax": "7955000000.00",
            "minorityInterest": "-56000000.00",
            "netIncome": "6099000000.00",
            "sellingGeneralAdministrative": "3706000000.00",
            "sellingAndMarketingExpenses": "675000000.00",
            "grossProfit": "14640000000.00",
            "reconciledDepreciation": "865000000.00",
            "ebit": "10399000000.00",
            "ebitda": "11257000000.00",
            "depreciationAndAmortization": "858000000.00",
            "nonOperatingIncomeNetOther": null,
            "operatingIncome": "10392000000.00",
            "otherOperatingExpenses": "4248000000.00",
            "interestExpense": "2268000000.00",
            "taxProvision": "2025000000.00",
            "interestIncome": "12553000000.00",
            "netInterestIncome": "10285000000.00",
            "extraordinaryItems": "225000000.00",
            "nonRecurring": null,
            "otherItems": null,
            "incomeTaxExpense": "2025000000.00",
            "totalRevenue": "14640000000.00",
            "totalOperatingExpenses": "-4248000000.00",
            "costOfRevenue": null,
            "totalOtherIncomeExpenseNet": "-2437000000.00",
            "discontinuedOperations": "225000000.00",
            "netIncomeFromContinuingOps": "5930000000.00",
            "netIncomeApplicableToCommonShares": "5875000000.00",
            "preferredStockAndOtherAdjustments": null
        },
        "2021-09-30": {
            "date": "2021-09-30",
            "filing_date": "2021-09-30",
            "currency_symbol": "NOK",
            "researchDevelopment": null,
            "effectOfAccountingCharges": null,
            "incomeBeforeTax": "8791000000.00",
            "minorityInterest": "3000000.00",
            "netIncome": "6880000000.00",
            "sellingGeneralAdministrative": "3302000000.00",
            "sellingAndMarketingExpenses": "161000000.00",
            "grossProfit": "14157000000.00",
            "reconciledDepreciation": "842000000.00",
            "ebit": "10578000000.00",
            "ebitda": "11422000000.00",
            "depreciationAndAmortization": "844000000.00",
            "nonOperatingIncomeNetOther": null,
            "operatingIncome": "10580000000.00",
            "otherOperatingExpenses": "3577000000.00",
            "interestExpense": "1766000000.00",
            "taxProvision": "1908000000.00",
            "interestIncome": "11532000000.00",
            "netInterestIncome": "9766000000.00",
            "extraordinaryItems": "26000000.00",
            "nonRecurring": null,
            "otherItems": null,
            "incomeTaxExpense": "1934000000.00",
            "totalRevenue": "14157000000.00",
            "totalOperatingExpenses": "-3577000000.00",
            "costOfRevenue": null,
            "totalOtherIncomeExpenseNet": "-1789000000.00",
            "discontinuedOperations": "26000000.00",
            "netIncomeFromContinuingOps": "6883000000.00",
            "netIncomeApplicableToCommonShares": "6657000000.00",
            "preferredStockAndOtherAdjustments": null
        },
        "2021-06-30": {
            "date": "2021-06-30",
            "filing_date": "2021-06-30",
            "currency_symbol": "NOK",
            "researchDevelopment": null,
            "effectOfAccountingCharges": null,
            "incomeBeforeTax": "8285000000.00",
            "minorityInterest": "270000000.00",
            "netIncome": "6390000000.00",
            "sellingGeneralAdministrative": "3453000000.00",
            "sellingAndMarketingExpenses": "164000000.00",
            "grossProfit": "13333000000.00",
            "reconciledDepreciation": "835000000.00",
            "ebit": "10110000000.00",
            "ebitda": "10944000000.00",
            "depreciationAndAmortization": "834000000.00",
            "nonOperatingIncomeNetOther": null,
            "operatingIncome": "10109000000.00",
            "otherOperatingExpenses": "3224000000.00",
            "interestExpense": "1866000000.00",
            "taxProvision": "1853000000.00",
            "interestIncome": "11176000000.00",
            "netInterestIncome": "9587000000.00",
            "extraordinaryItems": "-101000000.00",
            "nonRecurring": null,
            "otherItems": null,
            "incomeTaxExpense": "1853000000.00",
            "totalRevenue": "13333000000.00",
            "totalOperatingExpenses": "-3224000000.00",
            "costOfRevenue": null,
            "totalOtherIncomeExpenseNet": "-1824000000.00",
            "discontinuedOperations": "-30000000.00",
            "netIncomeFromContinuingOps": "6432000000.00",
            "netIncomeApplicableToCommonShares": "6210000000.00",
            "preferredStockAndOtherAdjustments": null
        },
        "2021-03-31": {
            "date": "2021-03-31",
            "filing_date": "2021-03-31",
            "currency_symbol": "NOK",
            "researchDevelopment": null,
            "effectOfAccountingCharges": null,
            "incomeBeforeTax": "7636000000.00",
            "minorityInterest": "155000000.00",
            "netIncome": "5905000000.00",
            "sellingGeneralAdministrative": "3261000000.00",
            "sellingAndMarketingExpenses": "160000000.00",
            "grossProfit": "13259000000.00",
            "reconciledDepreciation": "822000000.00",
            "ebit": "18424000000.00",
            "ebitda": "10705000000.00",
            "depreciationAndAmortization": "-7719000000.00",
            "nonOperatingIncomeNetOther": null,
            "operatingIncome": "9883000000.00",
            "otherOperatingExpenses": "5732000000.00",
            "interestExpense": "2298000000.00",
            "taxProvision": "1680000000.00",
            "interestIncome": "10982000000.00",
            "netInterestIncome": "9229000000.00",
            "extraordinaryItems": "-71000000.00",
            "nonRecurring": null,
            "otherItems": null,
            "incomeTaxExpense": "1680000000.00",
            "totalRevenue": "13259000000.00",
            "totalOperatingExpenses": "5732000000.00",
            "costOfRevenue": null,
            "totalOtherIncomeExpenseNet": "-2247000000.00",
            "discontinuedOperations": "-71000000.00",
            "netIncomeFromContinuingOps": "5956000000.00",
            "netIncomeApplicableToCommonShares": "5665000000.00",
            "preferredStockAndOtherAdjustments": null
        },
        "2020-12-31": {
            "date": "2020-12-31",
            "filing_date": "2020-12-31",
            "currency_symbol": "NOK",
            "researchDevelopment": null,
            "effectOfAccountingCharges": null,
            "incomeBeforeTax": "5552000000.00",
            "minorityInterest": "119000000.00",
            "netIncome": "5285000000.00",
            "sellingGeneralAdministrative": "3540000000.00",
            "sellingAndMarketingExpenses": "183000000.00",
            "grossProfit": "13046000000.00",
            "reconciledDepreciation": "890000000.00",
            "ebit": "14930000000.00",
            "ebitda": "9305000000.00",
            "depreciationAndAmortization": "-5625000000.00",
            "nonOperatingIncomeNetOther": null,
            "operatingIncome": "8421000000.00",
            "otherOperatingExpenses": "6465000000.00",
            "interestExpense": "2566000000.00",
            "taxProvision": "570000000.00",
            "interestIncome": "12046000000.00",
            "netInterestIncome": "9480000000.00",
            "extraordinaryItems": "292000000.00",
            "nonRecurring": null,
            "otherItems": null,
            "incomeTaxExpense": "570000000.00",
            "totalRevenue": "13046000000.00",
            "totalOperatingExpenses": "6465000000.00",
            "costOfRevenue": null,
            "totalOtherIncomeExpenseNet": "-2869000000.00",
            "discontinuedOperations": "292000000.00",
            "netIncomeFromContinuingOps": "4981000000.00",
            "netIncomeApplicableToCommonShares": "5082000000.00",
            "preferredStockAndOtherAdjustments": null
        },
        "2020-09-30": {
            "date": "2020-09-30",
            "filing_date": "2020-09-30",
            "currency_symbol": "NOK",
            "researchDevelopment": null,
            "effectOfAccountingCharges": null,
            "incomeBeforeTax": "6929000000.00",
            "minorityInterest": "46000000.00",
            "netIncome": "5543000000.00",
            "sellingGeneralAdministrative": "3281000000.00",
            "sellingAndMarketingExpenses": "166000000.00",
            "grossProfit": "13098000000.00",
            "reconciledDepreciation": "843000000.00",
            "ebit": "17269000000.00",
            "ebitda": "10326000000.00",
            "depreciationAndAmortization": "-6943000000.00",
            "nonOperatingIncomeNetOther": null,
            "operatingIncome": "9483000000.00",
            "otherOperatingExpenses": "5699000000.00",
            "interestExpense": "2554000000.00",
            "taxProvision": "1386000000.00",
            "interestIncome": "10828000000.00",
            "netInterestIncome": "9298000000.00",
            "extraordinaryItems": null,
            "nonRecurring": null,
            "otherItems": null,
            "incomeTaxExpense": "1386000000.00",
            "totalRevenue": "13098000000.00",
            "totalOperatingExpenses": "5699000000.00",
            "costOfRevenue": null,
            "totalOtherIncomeExpenseNet": "-2554000000.00",
            "discontinuedOperations": "2000000.00",
            "netIncomeFromContinuingOps": "5543000000.00",
            "netIncomeApplicableToCommonShares": "5293000000.00",
            "preferredStockAndOtherAdjustments": null
        },
        "2020-06-30": {
            "date": "2020-06-30",
            "filing_date": "2020-06-30",
            "currency_symbol": "NOK",
            "researchDevelopment": null,
            "effectOfAccountingCharges": null,
            "incomeBeforeTax": "6295000000.00",
            "minorityInterest": "43000000.00",
            "netIncome": "5023000000.00",
            "sellingGeneralAdministrative": "3245000000.00",
            "sellingAndMarketingExpenses": "167000000.00",
            "grossProfit": "13947000000.00",
            "reconciledDepreciation": "806000000.00",
            "ebit": "17965000000.00",
            "ebitda": "11657000000.00",
            "depreciationAndAmortization": "-6308000000.00",
            "nonOperatingIncomeNetOther": null,
            "operatingIncome": "10851000000.00",
            "otherOperatingExpenses": "5697000000.00",
            "interestExpense": "4569000000.00",
            "taxProvision": "1259000000.00",
            "interestIncome": "12369000000.00",
            "netInterestIncome": "9452000000.00",
            "extraordinaryItems": null,
            "nonRecurring": null,
            "otherItems": null,
            "incomeTaxExpense": "1259000000.00",
            "totalRevenue": "13947000000.00",
            "totalOperatingExpenses": "5697000000.00",
            "costOfRevenue": null,
            "totalOtherIncomeExpenseNet": "-4556000000.00",
            "discontinuedOperations": "-17000000.00",
            "netIncomeFromContinuingOps": "5036000000.00",
            "netIncomeApplicableToCommonShares": "4757000000.00",
            "preferredStockAndOtherAdjustments": null
        },
        "2020-03-31": {
            "date": "2020-03-31",
            "filing_date": "2020-03-31",
            "currency_symbol": "NOK",
            "researchDevelopment": null,
            "effectOfAccountingCharges": null,
            "incomeBeforeTax": "5071000000.00",
            "minorityInterest": "43000000.00",
            "netIncome": "4003000000.00",
            "sellingGeneralAdministrative": "2809000000.00",
            "sellingAndMarketingExpenses": "177000000.00",
            "grossProfit": "15889000000.00",
            "reconciledDepreciation": "787000000.00",
            "ebit": "17846000000.00",
            "ebitda": "12789000000.00",
            "depreciationAndAmortization": "-5057000000.00",
            "nonOperatingIncomeNetOther": null,
            "operatingIncome": "12002000000.00",
            "otherOperatingExpenses": "5468000000.00",
            "interestExpense": "6985000000.00",
            "taxProvision": "1014000000.00",
            "interestIncome": "16100000000.00",
            "netInterestIncome": "10396000000.00",
            "extraordinaryItems": null,
            "nonRecurring": null,
            "otherItems": null,
            "incomeTaxExpense": "1014000000.00",
            "totalRevenue": "15889000000.00",
            "totalOperatingExpenses": "5468000000.00",
            "costOfRevenue": null,
            "totalOtherIncomeExpenseNet": "-6931000000.00",
            "discontinuedOperations": "-36500000.00",
            "netIncomeFromContinuingOps": "4057000000.00",
            "netIncomeApplicableToCommonShares": "4161500000.00",
            "preferredStockAndOtherAdjustments": null
        },
        "2019-12-31": {
            "date": "2019-12-31",
            "filing_date": "2019-12-31",
            "currency_symbol": "NOK",
            "researchDevelopment": null,
            "effectOfAccountingCharges": null,
            "incomeBeforeTax": "6913000000.00",
            "minorityInterest": "45000000.00",
            "netIncome": "5950000000.00",
            "sellingGeneralAdministrative": "3407000000.00",
            "sellingAndMarketingExpenses": "192000000.00",
            "grossProfit": "13146000000.00",
            "reconciledDepreciation": "627000000.00",
            "ebit": "21739000000.00",
            "ebitda": "14568000000.00",
            "depreciationAndAmortization": "-7171000000.00",
            "nonOperatingIncomeNetOther": null,
            "operatingIncome": "13941000000.00",
            "otherOperatingExpenses": "5854000000.00",
            "interestExpense": "6956000000.00",
            "taxProvision": "1035000000.00",
            "interestIncome": "14650000000.00",
            "netInterestIncome": "10002000000.00",
            "extraordinaryItems": null,
            "nonRecurring": null,
            "otherItems": null,
            "incomeTaxExpense": "1035000000.00",
            "totalRevenue": "13146000000.00",
            "totalOperatingExpenses": "5854000000.00",
            "costOfRevenue": null,
            "totalOtherIncomeExpenseNet": "-7028000000.00",
            "discontinuedOperations": "68000000.00",
            "netIncomeFromContinuingOps": "5878000000.00",
            "netIncomeApplicableToCommonShares": "5623000000.00",
            "preferredStockAndOtherAdjustments": null
        },
        "2019-09-30": {
            "date": "2019-09-30",
            "filing_date": "2019-09-30",
            "currency_symbol": "NOK",
            "researchDevelopment": null,
            "effectOfAccountingCharges": null,
            "incomeBeforeTax": "7619000000.00",
            "minorityInterest": "46000000.00",
            "netIncome": "6059000000.00",
            "sellingGeneralAdministrative": "3045000000.00",
            "sellingAndMarketingExpenses": "200000000.00",
            "grossProfit": "14445000000.00",
            "reconciledDepreciation": "843000000.00",
            "ebit": "22738000000.00",
            "ebitda": "14997000000.00",
            "depreciationAndAmortization": "-7741000000.00",
            "nonOperatingIncomeNetOther": null,
            "operatingIncome": "14154000000.00",
            "otherOperatingExpenses": "5631000000.00",
            "interestExpense": "6571000000.00",
            "taxProvision": "1524000000.00",
            "interestIncome": "17270000000.00",
            "netInterestIncome": "9984000000.00",
            "extraordinaryItems": null,
            "nonRecurring": null,
            "otherItems": null,
            "incomeTaxExpense": "1524000000.00",
            "totalRevenue": "14445000000.00",
            "totalOperatingExpenses": "5631000000.00",
            "costOfRevenue": null,
            "totalOtherIncomeExpenseNet": "-6535000000.00",
            "discontinuedOperations": "-36000000.00",
            "netIncomeFromContinuingOps": "6095000000.00",
            "netIncomeApplicableToCommonShares": "5752000000.00",
            "preferredStockAndOtherAdjustments": null
        },
        "2019-06-30": {
            "date": "2019-06-30",
            "filing_date": "2019-06-30",
            "currency_symbol": "NOK",
            "researchDevelopment": null,
            "effectOfAccountingCharges": null,
            "incomeBeforeTax": "7705000000.00",
            "minorityInterest": "47000000.00",
            "netIncome": "6134000000.00",
            "sellingGeneralAdministrative": "3126000000.00",
            "sellingAndMarketingExpenses": "233000000.00",
            "grossProfit": "13970000000.00",
            "reconciledDepreciation": "674000000.00",
            "ebit": "22299000000.00",
            "ebitda": "14698000000.00",
            "depreciationAndAmortization": "-7601000000.00",
            "nonOperatingIncomeNetOther": null,
            "operatingIncome": "14024000000.00",
            "otherOperatingExpenses": "5692000000.00",
            "interestExpense": "6349000000.00",
            "taxProvision": "1541000000.00",
            "interestIncome": "16608000000.00",
            "netInterestIncome": "9581000000.00",
            "extraordinaryItems": null,
            "nonRecurring": null,
            "otherItems": null,
            "incomeTaxExpense": "1541000000.00",
            "totalRevenue": "13970000000.00",
            "totalOperatingExpenses": "5692000000.00",
            "costOfRevenue": null,
            "totalOtherIncomeExpenseNet": "-6319000000.00",
            "discontinuedOperations": "-30000000.00",
            "netIncomeFromContinuingOps": "6164000000.00",
            "netIncomeApplicableToCommonShares": "5889000000.00",
            "preferredStockAndOtherAdjustments": null
        },
        "2019-03-31": {
            "date": "2019-03-31",
            "filing_date": "2019-03-31",
            "currency_symbol": "NOK",
            "researchDevelopment": null,
            "effectOfAccountingCharges": null,
            "incomeBeforeTax": "8998000000.00",
            "minorityInterest": "47000000.00",
            "netIncome": "7582000000.00",
            "sellingGeneralAdministrative": "3016000000.00",
            "sellingAndMarketingExpenses": "196000000.00",
            "grossProfit": "12883000000.00",
            "reconciledDepreciation": "706000000.00",
            "ebit": "24924000000.00",
            "ebitda": "15926000000.00",
            "depreciationAndAmortization": "-8998000000.00",
            "nonOperatingIncomeNetOther": null,
            "operatingIncome": "15220000000.00",
            "otherOperatingExpenses": "5479000000.00",
            "interestExpense": "6273000000.00",
            "taxProvision": "1365000000.00",
            "interestIncome": "16476000000.00",
            "netInterestIncome": "9289000000.00",
            "extraordinaryItems": null,
            "nonRecurring": null,
            "otherItems": null,
            "incomeTaxExpense": "1365000000.00",
            "totalRevenue": "12883000000.00",
            "totalOperatingExpenses": "5479000000.00",
            "costOfRevenue": null,
            "totalOtherIncomeExpenseNet": "-6222000000.00",
            "discontinuedOperations": "-51000000.00",
            "netIncomeFromContinuingOps": "7633000000.00",
            "netIncomeApplicableToCommonShares": "7339000000.00",
            "preferredStockAndOtherAdjustments": null
        },
        "2018-12-31": {
            "date": "2018-12-31",
            "filing_date": "2018-12-31",
            "currency_symbol": "NOK",
            "researchDevelopment": null,
            "effectOfAccountingCharges": null,
            "incomeBeforeTax": "7137000000.00",
            "minorityInterest": "47000000.00",
            "netIncome": "6871000000.00",
            "sellingGeneralAdministrative": "3908000000.00",
            "sellingAndMarketingExpenses": "180000000.00",
            "grossProfit": "20160000000.00",
            "reconciledDepreciation": "562000000.00",
            "ebit": "15439000000.00",
            "ebitda": "16001000000.00",
            "depreciationAndAmortization": "562000000.00",
            "nonOperatingIncomeNetOther": null,
            "operatingIncome": "15439000000.00",
            "otherOperatingExpenses": "5738000000.00",
            "interestExpense": "8443000000.00",
            "taxProvision": null,
            "interestIncome": null,
            "netInterestIncome": null,
            "extraordinaryItems": null,
            "nonRecurring": null,
            "otherItems": null,
            "incomeTaxExpense": "125000000.00",
            "totalRevenue": "20160000000.00",
            "totalOperatingExpenses": "5738000000.00",
            "costOfRevenue": "0.00",
            "totalOtherIncomeExpenseNet": "-8302000000.00",
            "discontinuedOperations": "-141000000.00",
            "netIncomeFromContinuingOps": "7012000000.00",
            "netIncomeApplicableToCommonShares": "6601000000.00",
            "preferredStockAndOtherAdjustments": null
        },
        "2018-09-30": {
            "date": "2018-09-30",
            "filing_date": "2018-09-30",
            "currency_symbol": "NOK",
            "researchDevelopment": null,
            "effectOfAccountingCharges": null,
            "incomeBeforeTax": "7144000000.00",
            "minorityInterest": "47000000.00",
            "netIncome": "5673000000.00",
            "sellingGeneralAdministrative": "2945000000.00",
            "sellingAndMarketingExpenses": "173000000.00",
            "grossProfit": "10318000000.00",
            "reconciledDepreciation": "495000000.00",
            "ebit": "12453000000.00",
            "ebitda": "12948000000.00",
            "depreciationAndAmortization": "495000000.00",
            "nonOperatingIncomeNetOther": null,
            "operatingIncome": "12453000000.00",
            "otherOperatingExpenses": "5332000000.00",
            "interestExpense": "5351000000.00",
            "taxProvision": null,
            "interestIncome": null,
            "netInterestIncome": null,
            "extraordinaryItems": null,
            "nonRecurring": null,
            "otherItems": null,
            "incomeTaxExpense": "1429000000.00",
            "totalRevenue": "10318000000.00",
            "totalOperatingExpenses": "5332000000.00",
            "costOfRevenue": "0.00",
            "totalOtherIncomeExpenseNet": "-5309000000.00",
            "discontinuedOperations": "-42000000.00",
            "netIncomeFromContinuingOps": "5715000000.00",
            "netIncomeApplicableToCommonShares": "5440000000.00",
            "preferredStockAndOtherAdjustments": null
        },
        "2018-06-30": {
            "date": "2018-06-30",
            "filing_date": "2018-06-30",
            "currency_symbol": "NOK",
            "researchDevelopment": null,
            "effectOfAccountingCharges": null,
            "incomeBeforeTax": "7632000000.00",
            "minorityInterest": null,
            "netIncome": "6084000000.00",
            "sellingGeneralAdministrative": "2957000000.00",
            "sellingAndMarketingExpenses": "224000000.00",
            "grossProfit": "9777000000.00",
            "reconciledDepreciation": "478000000.00",
            "ebit": "12894000000.00",
            "ebitda": "13372000000.00",
            "depreciationAndAmortization": "478000000.00",
            "nonOperatingIncomeNetOther": null,
            "operatingIncome": "12894000000.00",
            "otherOperatingExpenses": "5348000000.00",
            "interestExpense": "5284000000.00",
            "taxProvision": null,
            "interestIncome": null,
            "netInterestIncome": null,
            "extraordinaryItems": null,
            "nonRecurring": null,
            "otherItems": null,
            "incomeTaxExpense": "1526000000.00",
            "totalRevenue": "9777000000.00",
            "totalOperatingExpenses": "5348000000.00",
            "costOfRevenue": "0.00",
            "totalOtherIncomeExpenseNet": "-5262000000.00",
            "discontinuedOperations": "-21000000.00",
            "netIncomeFromContinuingOps": "6106000000.00",
            "netIncomeApplicableToCommonShares": "5850000000.00",
            "preferredStockAndOtherAdjustments": null
        },
        "2018-03-31": {
            "date": "2018-03-31",
            "filing_date": "2018-03-31",
            "currency_symbol": "NOK",
            "researchDevelopment": null,
            "effectOfAccountingCharges": null,
            "incomeBeforeTax": "7066000000.00",
            "minorityInterest": null,
            "netIncome": "5653000000.00",
            "sellingGeneralAdministrative": "2900000000.00",
            "sellingAndMarketingExpenses": null,
            "grossProfit": "11913000000.00",
            "reconciledDepreciation": "488000000.00",
            "ebit": "12529000000.00",
            "ebitda": "13017000000.00",
            "depreciationAndAmortization": "488000000.00",
            "nonOperatingIncomeNetOther": null,
            "operatingIncome": "12529000000.00",
            "otherOperatingExpenses": "5156000000.00",
            "interestExpense": "5463000000.00",
            "taxProvision": null,
            "interestIncome": null,
            "netInterestIncome": null,
            "extraordinaryItems": null,
            "nonRecurring": null,
            "otherItems": null,
            "incomeTaxExpense": "1413000000.00",
            "totalRevenue": "11913000000.00",
            "totalOperatingExpenses": "5156000000.00",
            "costOfRevenue": "0.00",
            "totalOtherIncomeExpenseNet": "-5463000000.00",
            "discontinuedOperations": "-21000000.00",
            "netIncomeFromContinuingOps": "5653000000.00",
            "netIncomeApplicableToCommonShares": "5432000000.00",
            "preferredStockAndOtherAdjustments": null
        },
        "2017-12-31": {
            "date": "2017-12-31",
            "filing_date": "2017-12-31",
            "currency_symbol": "NOK",
            "researchDevelopment": null,
            "effectOfAccountingCharges": null,
            "incomeBeforeTax": "6823000000.00",
            "minorityInterest": null,
            "netIncome": "6374000000.00",
            "sellingGeneralAdministrative": "3895000000.00",
            "sellingAndMarketingExpenses": "190000000.00",
            "grossProfit": "13353000000.00",
            "reconciledDepreciation": "398000000.00",
            "ebit": "11240000000.00",
            "ebitda": "11638000000.00",
            "depreciationAndAmortization": "398000000.00",
            "nonOperatingIncomeNetOther": null,
            "operatingIncome": "11240000000.00",
            "otherOperatingExpenses": "5286000000.00",
            "interestExpense": "4420000000.00",
            "taxProvision": null,
            "interestIncome": null,
            "netInterestIncome": null,
            "extraordinaryItems": null,
            "nonRecurring": null,
            "otherItems": null,
            "incomeTaxExpense": "446000000.00",
            "totalRevenue": "13353000000.00",
            "totalOperatingExpenses": "5286000000.00",
            "costOfRevenue": "0.00",
            "totalOtherIncomeExpenseNet": "-4417000000.00",
            "discontinuedOperations": "-3000000.00",
            "netIncomeFromContinuingOps": "6377000000.00",
            "netIncomeApplicableToCommonShares": "6131000000.00",
            "preferredStockAndOtherAdjustments": null
        },
        "2017-09-30": {
            "date": "2017-09-30",
            "filing_date": "2017-09-30",
            "currency_symbol": "NOK",
            "researchDevelopment": null,
            "effectOfAccountingCharges": null,
            "incomeBeforeTax": "7292000000.00",
            "minorityInterest": null,
            "netIncome": "5648000000.00",
            "sellingGeneralAdministrative": "3039000000.00",
            "sellingAndMarketingExpenses": "163000000.00",
            "grossProfit": "12949000000.00",
            "reconciledDepreciation": "525000000.00",
            "ebit": "11968000000.00",
            "ebitda": "12493000000.00",
            "depreciationAndAmortization": "525000000.00",
            "nonOperatingIncomeNetOther": null,
            "operatingIncome": "7293000000.00",
            "otherOperatingExpenses": "5488000000.00",
            "interestExpense": "4643000000.00",
            "taxProvision": null,
            "interestIncome": null,
            "netInterestIncome": null,
            "extraordinaryItems": "33000000.00",
            "nonRecurring": null,
            "otherItems": null,
            "incomeTaxExpense": "1677000000.00",
            "totalRevenue": "12949000000.00",
            "totalOperatingExpenses": "5488000000.00",
            "costOfRevenue": "0.00",
            "totalOtherIncomeExpenseNet": "-1000000.00",
            "discontinuedOperations": "33000000.00",
            "netIncomeFromContinuingOps": "5615000000.00",
            "netIncomeApplicableToCommonShares": "5430000000.00",
            "preferredStockAndOtherAdjustments": null
        },
        "2017-06-30": {
            "date": "2017-06-30",
            "filing_date": "2017-06-30",
            "currency_symbol": "NOK",
            "researchDevelopment": null,
            "effectOfAccountingCharges": null,
            "incomeBeforeTax": "6819000000.00",
            "minorityInterest": null,
            "netIncome": "5237000000.00",
            "sellingGeneralAdministrative": "2977000000.00",
            "sellingAndMarketingExpenses": "278000000.00",
            "grossProfit": "12991000000.00",
            "reconciledDepreciation": "478000000.00",
            "ebit": "11482000000.00",
            "ebitda": "11960000000.00",
            "depreciationAndAmortization": "478000000.00",
            "nonOperatingIncomeNetOther": null,
            "operatingIncome": "6817000000.00",
            "otherOperatingExpenses": "5527000000.00",
            "interestExpense": "4677000000.00",
            "taxProvision": null,
            "interestIncome": null,
            "netInterestIncome": null,
            "extraordinaryItems": null,
            "nonRecurring": null,
            "otherItems": null,
            "incomeTaxExpense": "1568000000.00",
            "totalRevenue": "12991000000.00",
            "totalOperatingExpenses": "5527000000.00",
            "costOfRevenue": "0.00",
            "totalOtherIncomeExpenseNet": "2000000.00",
            "discontinuedOperations": "-14000000.00",
            "netIncomeFromContinuingOps": "5251000000.00",
            "netIncomeApplicableToCommonShares": "4999000000.00",
            "preferredStockAndOtherAdjustments": null
        },
        "2017-03-31": {
            "date": "2017-03-31",
            "filing_date": "2017-03-31",
            "currency_symbol": "NOK",
            "researchDevelopment": null,
            "effectOfAccountingCharges": null,
            "incomeBeforeTax": "5923000000.00",
            "minorityInterest": null,
            "netIncome": "4544000000.00",
            "sellingGeneralAdministrative": "2917000000.00",
            "sellingAndMarketingExpenses": "179000000.00",
            "grossProfit": "11965000000.00",
            "reconciledDepreciation": "510000000.00",
            "ebit": "10608000000.00",
            "ebitda": "11118000000.00",
            "depreciationAndAmortization": "510000000.00",
            "nonOperatingIncomeNetOther": null,
            "operatingIncome": "5924000000.00",
            "otherOperatingExpenses": "5283000000.00",
            "interestExpense": "4702000000.00",
            "taxProvision": null,
            "interestIncome": null,
            "netInterestIncome": null,
            "extraordinaryItems": null,
            "nonRecurring": null,
            "otherItems": null,
            "incomeTaxExpense": "1362000000.00",
            "totalRevenue": "11965000000.00",
            "totalOperatingExpenses": "5283000000.00",
            "costOfRevenue": "0.00",
            "totalOtherIncomeExpenseNet": "-1000000.00",
            "discontinuedOperations": "-17000000.00",
            "netIncomeFromContinuingOps": "4561000000.00",
            "netIncomeApplicableToCommonShares": "4304000000.00",
            "preferredStockAndOtherAdjustments": null
        },
        "2016-12-31": {
            "date": "2016-12-31",
            "filing_date": "2016-12-31",
            "currency_symbol": "NOK",
            "researchDevelopment": null,
            "effectOfAccountingCharges": null,
            "incomeBeforeTax": "5644000000.00",
            "minorityInterest": null,
            "netIncome": "5380000000.00",
            "sellingGeneralAdministrative": "3589000000.00",
            "sellingAndMarketingExpenses": "215000000.00",
            "grossProfit": "12648000000.00",
            "reconciledDepreciation": "351000000.00",
            "ebit": "10572000000.00",
            "ebitda": "10923000000.00",
            "depreciationAndAmortization": "351000000.00",
            "nonOperatingIncomeNetOther": null,
            "operatingIncome": "5644000000.00",
            "otherOperatingExpenses": "4818000000.00",
            "interestExpense": "4902000000.00",
            "taxProvision": null,
            "interestIncome": null,
            "netInterestIncome": null,
            "extraordinaryItems": "26000000.00",
            "nonRecurring": null,
            "otherItems": null,
            "incomeTaxExpense": "290000000.00",
            "totalRevenue": "12648000000.00",
            "totalOperatingExpenses": "4818000000.00",
            "costOfRevenue": null,
            "totalOtherIncomeExpenseNet": "-217000000.00",
            "discontinuedOperations": null,
            "netIncomeFromContinuingOps": null,
            "netIncomeApplicableToCommonShares": null,
            "preferredStockAndOtherAdjustments": null
        },
        "2016-09-30": {
            "date": "2016-09-30",
            "filing_date": "2016-09-30",
            "currency_symbol": "NOK",
            "researchDevelopment": null,
            "effectOfAccountingCharges": null,
            "incomeBeforeTax": "5209000000.00",
            "minorityInterest": null,
            "netIncome": "4080000000.00",
            "sellingGeneralAdministrative": "2862000000.00",
            "sellingAndMarketingExpenses": "174000000.00",
            "grossProfit": "12410000000.00",
            "reconciledDepreciation": "475000000.00",
            "ebit": "9706000000.00",
            "ebitda": "10181000000.00",
            "depreciationAndAmortization": "475000000.00",
            "nonOperatingIncomeNetOther": null,
            "operatingIncome": "5211000000.00",
            "otherOperatingExpenses": "5022000000.00",
            "interestExpense": "4496000000.00",
            "taxProvision": null,
            "interestIncome": null,
            "netInterestIncome": null,
            "extraordinaryItems": "1000000.00",
            "nonRecurring": null,
            "otherItems": null,
            "incomeTaxExpense": "1130000000.00",
            "totalRevenue": "12410000000.00",
            "totalOperatingExpenses": "5022000000.00",
            "costOfRevenue": null,
            "totalOtherIncomeExpenseNet": "-2000000.00",
            "discontinuedOperations": null,
            "netIncomeFromContinuingOps": null,
            "netIncomeApplicableToCommonShares": null,
            "preferredStockAndOtherAdjustments": null
        },
        "2016-06-30": {
            "date": "2016-06-30",
            "filing_date": "2016-06-30",
            "currency_symbol": "NOK",
            "researchDevelopment": null,
            "effectOfAccountingCharges": null,
            "incomeBeforeTax": "5770000000.00",
            "minorityInterest": null,
            "netIncome": "4569000000.00",
            "sellingGeneralAdministrative": "2822000000.00",
            "sellingAndMarketingExpenses": "245000000.00",
            "grossProfit": "12350000000.00",
            "reconciledDepreciation": "510000000.00",
            "ebit": "10094000000.00",
            "ebitda": "10604000000.00",
            "depreciationAndAmortization": "510000000.00",
            "nonOperatingIncomeNetOther": null,
            "operatingIncome": "5769000000.00",
            "otherOperatingExpenses": "5286000000.00",
            "interestExpense": "4335000000.00",
            "taxProvision": null,
            "interestIncome": null,
            "netInterestIncome": null,
            "extraordinaryItems": null,
            "nonRecurring": null,
            "otherItems": null,
            "incomeTaxExpense": "1190000000.00",
            "totalRevenue": "12350000000.00",
            "totalOperatingExpenses": "5286000000.00",
            "costOfRevenue": null,
            "totalOtherIncomeExpenseNet": "1000000.00",
            "discontinuedOperations": null,
            "netIncomeFromContinuingOps": null,
            "netIncomeApplicableToCommonShares": null,
            "preferredStockAndOtherAdjustments": null
        },
        "2016-03-31": {
            "date": "2016-03-31",
            "filing_date": "2016-03-31",
            "currency_symbol": "NOK",
            "researchDevelopment": null,
            "effectOfAccountingCharges": null,
            "incomeBeforeTax": "6764000000.00",
            "minorityInterest": null,
            "netIncome": "5222000000.00",
            "sellingGeneralAdministrative": "2902000000.00",
            "sellingAndMarketingExpenses": "180000000.00",
            "grossProfit": "13569000000.00",
            "reconciledDepreciation": "668000000.00",
            "ebit": "11333000000.00",
            "ebitda": "12001000000.00",
            "depreciationAndAmortization": "668000000.00",
            "nonOperatingIncomeNetOther": null,
            "operatingIncome": "6764000000.00",
            "otherOperatingExpenses": "5318000000.00",
            "interestExpense": "4582000000.00",
            "taxProvision": null,
            "interestIncome": null,
            "netInterestIncome": null,
            "extraordinaryItems": null,
            "nonRecurring": null,
            "otherItems": null,
            "incomeTaxExpense": "1529000000.00",
            "totalRevenue": "13569000000.00",
            "totalOperatingExpenses": "5318000000.00",
            "costOfRevenue": null,
            "totalOtherIncomeExpenseNet": "-394000000.00",
            "discontinuedOperations": null,
            "netIncomeFromContinuingOps": null,
            "netIncomeApplicableToCommonShares": null,
            "preferredStockAndOtherAdjustments": null
        },
        "2015-12-31": {
            "date": "2015-12-31",
            "filing_date": "2015-12-31",
            "currency_symbol": "NOK",
            "researchDevelopment": null,
            "effectOfAccountingCharges": null,
            "incomeBeforeTax": "7860000000.00",
            "minorityInterest": null,
            "netIncome": "6804000000.00",
            "sellingGeneralAdministrative": "1777000000.00",
            "sellingAndMarketingExpenses": "204000000.00",
            "grossProfit": "12941000000.00",
            "reconciledDepreciation": "365000000.00",
            "ebit": "12760000000.00",
            "ebitda": "13125000000.00",
            "depreciationAndAmortization": "365000000.00",
            "nonOperatingIncomeNetOther": null,
            "operatingIncome": "7861000000.00",
            "otherOperatingExpenses": "3254000000.00",
            "interestExpense": "4872000000.00",
            "taxProvision": null,
            "interestIncome": null,
            "netInterestIncome": null,
            "extraordinaryItems": "28000000.00",
            "nonRecurring": null,
            "otherItems": null,
            "incomeTaxExpense": "1084000000.00",
            "totalRevenue": "12941000000.00",
            "totalOperatingExpenses": "3254000000.00",
            "costOfRevenue": null,
            "totalOtherIncomeExpenseNet": "-1000000.00",
            "discontinuedOperations": null,
            "netIncomeFromContinuingOps": null,
            "netIncomeApplicableToCommonShares": null,
            "preferredStockAndOtherAdjustments": null
        },
        "2015-09-30": {
            "date": "2015-09-30",
            "filing_date": "2015-09-30",
            "currency_symbol": "NOK",
            "researchDevelopment": null,
            "effectOfAccountingCharges": null,
            "incomeBeforeTax": "8514000000.00",
            "minorityInterest": null,
            "netIncome": "6363000000.00",
            "sellingGeneralAdministrative": "2855000000.00",
            "sellingAndMarketingExpenses": "197000000.00",
            "grossProfit": "13448000000.00",
            "reconciledDepreciation": "608000000.00",
            "ebit": "13866000000.00",
            "ebitda": "14474000000.00",
            "depreciationAndAmortization": "608000000.00",
            "nonOperatingIncomeNetOther": null,
            "operatingIncome": "8515000000.00",
            "otherOperatingExpenses": "5256000000.00",
            "interestExpense": "5367000000.00",
            "taxProvision": null,
            "interestIncome": null,
            "netInterestIncome": null,
            "extraordinaryItems": null,
            "nonRecurring": null,
            "otherItems": null,
            "incomeTaxExpense": "2136000000.00",
            "totalRevenue": "13448000000.00",
            "totalOperatingExpenses": "5256000000.00",
            "costOfRevenue": null,
            "totalOtherIncomeExpenseNet": "-1000000.00",
            "discontinuedOperations": null,
            "netIncomeFromContinuingOps": null,
            "netIncomeApplicableToCommonShares": null,
            "preferredStockAndOtherAdjustments": null
        },
        "2015-06-30": {
            "date": "2015-06-30",
            "filing_date": "2015-06-30",
            "currency_symbol": "NOK",
            "researchDevelopment": null,
            "effectOfAccountingCharges": null,
            "incomeBeforeTax": "6774000000.00",
            "minorityInterest": null,
            "netIncome": "5062000000.00",
            "sellingGeneralAdministrative": "2836000000.00",
            "sellingAndMarketingExpenses": "235000000.00",
            "grossProfit": "12997000000.00",
            "reconciledDepreciation": "518000000.00",
            "ebit": "12455000000.00",
            "ebitda": "12973000000.00",
            "depreciationAndAmortization": "518000000.00",
            "nonOperatingIncomeNetOther": null,
            "operatingIncome": "6774000000.00",
            "otherOperatingExpenses": "5394000000.00",
            "interestExpense": "5698000000.00",
            "taxProvision": null,
            "interestIncome": null,
            "netInterestIncome": null,
            "extraordinaryItems": null,
            "nonRecurring": null,
            "otherItems": null,
            "incomeTaxExpense": "1695000000.00",
            "totalRevenue": "12997000000.00",
            "totalOperatingExpenses": "5394000000.00",
            "costOfRevenue": null,
            "totalOtherIncomeExpenseNet": "-134000000.00",
            "discontinuedOperations": null,
            "netIncomeFromContinuingOps": null,
            "netIncomeApplicableToCommonShares": null,
            "preferredStockAndOtherAdjustments": null
        },
        "2015-03-31": {
            "date": "2015-03-31",
            "filing_date": "2015-03-31",
            "currency_symbol": "NOK",
            "researchDevelopment": null,
            "effectOfAccountingCharges": null,
            "incomeBeforeTax": "8710000000.00",
            "minorityInterest": null,
            "netIncome": "6533000000.00",
            "sellingGeneralAdministrative": "2828000000.00",
            "sellingAndMarketingExpenses": "223000000.00",
            "grossProfit": "14679000000.00",
            "reconciledDepreciation": "583000000.00",
            "ebit": "14901000000.00",
            "ebitda": "15484000000.00",
            "depreciationAndAmortization": "583000000.00",
            "nonOperatingIncomeNetOther": null,
            "operatingIncome": "8708000000.00",
            "otherOperatingExpenses": "5388000000.00",
            "interestExpense": "6238000000.00",
            "taxProvision": null,
            "interestIncome": null,
            "netInterestIncome": null,
            "extraordinaryItems": null,
            "nonRecurring": null,
            "otherItems": null,
            "incomeTaxExpense": "2130000000.00",
            "totalRevenue": "14679000000.00",
            "totalOperatingExpenses": "5388000000.00",
            "costOfRevenue": null,
            "totalOtherIncomeExpenseNet": "2000000.00",
            "discontinuedOperations": null,
            "netIncomeFromContinuingOps": null,
            "netIncomeApplicableToCommonShares": null,
            "preferredStockAndOtherAdjustments": null
        },
        "2014-12-31": {
            "date": "2014-12-31",
            "filing_date": "2014-12-31",
            "currency_symbol": "NOK",
            "researchDevelopment": null,
            "effectOfAccountingCharges": null,
            "incomeBeforeTax": "6184000000.00",
            "minorityInterest": null,
            "netIncome": "4758000000.00",
            "sellingGeneralAdministrative": "3474000000.00",
            "sellingAndMarketingExpenses": "178000000.00",
            "grossProfit": "12006000000.00",
            "reconciledDepreciation": "462000000.00",
            "ebit": "13034000000.00",
            "ebitda": "13496000000.00",
            "depreciationAndAmortization": "462000000.00",
            "nonOperatingIncomeNetOther": null,
            "operatingIncome": "6181000000.00",
            "otherOperatingExpenses": "6854000000.00",
            "interestExpense": "6832000000.00",
            "taxProvision": null,
            "interestIncome": null,
            "netInterestIncome": null,
            "extraordinaryItems": "17000000.00",
            "nonRecurring": null,
            "otherItems": null,
            "incomeTaxExpense": "1444000000.00",
            "totalRevenue": "12006000000.00",
            "totalOperatingExpenses": "6854000000.00",
            "costOfRevenue": null,
            "totalOtherIncomeExpenseNet": "3000000.00",
            "discontinuedOperations": null,
            "netIncomeFromContinuingOps": null,
            "netIncomeApplicableToCommonShares": null,
            "preferredStockAndOtherAdjustments": null
        },
        "2014-09-30": {
            "date": "2014-09-30",
            "filing_date": "2014-09-30",
            "currency_symbol": "NOK",
            "researchDevelopment": null,
            "effectOfAccountingCharges": null,
            "incomeBeforeTax": "7456000000.00",
            "minorityInterest": null,
            "netIncome": "5686000000.00",
            "sellingGeneralAdministrative": "2730000000.00",
            "sellingAndMarketingExpenses": "206000000.00",
            "grossProfit": "12748000000.00",
            "reconciledDepreciation": "563000000.00",
            "ebit": "14511000000.00",
            "ebitda": "15074000000.00",
            "depreciationAndAmortization": "563000000.00",
            "nonOperatingIncomeNetOther": null,
            "operatingIncome": "14511000000.00",
            "otherOperatingExpenses": "5128000000.00",
            "interestExpense": "7063000000.00",
            "taxProvision": null,
            "interestIncome": null,
            "netInterestIncome": null,
            "extraordinaryItems": null,
            "nonRecurring": null,
            "otherItems": null,
            "incomeTaxExpense": "1762000000.00",
            "totalRevenue": "12748000000.00",
            "totalOperatingExpenses": "5128000000.00",
            "costOfRevenue": null,
            "totalOtherIncomeExpenseNet": "-7055000000.00",
            "discontinuedOperations": null,
            "netIncomeFromContinuingOps": null,
            "netIncomeApplicableToCommonShares": null,
            "preferredStockAndOtherAdjustments": null
        },
        "2014-06-30": {
            "date": "2014-06-30",
            "filing_date": "2014-06-30",
            "currency_symbol": "NOK",
            "researchDevelopment": null,
            "effectOfAccountingCharges": null,
            "incomeBeforeTax": "6165000000.00",
            "minorityInterest": null,
            "netIncome": "4654000000.00",
            "sellingGeneralAdministrative": "2726000000.00",
            "sellingAndMarketingExpenses": "255000000.00",
            "grossProfit": "11919000000.00",
            "reconciledDepreciation": "486000000.00",
            "ebit": "13712000000.00",
            "ebitda": "14198000000.00",
            "depreciationAndAmortization": "486000000.00",
            "nonOperatingIncomeNetOther": null,
            "operatingIncome": "6164000000.00",
            "otherOperatingExpenses": "5157000000.00",
            "interestExpense": "7559000000.00",
            "taxProvision": null,
            "interestIncome": null,
            "netInterestIncome": null,
            "extraordinaryItems": null,
            "nonRecurring": null,
            "otherItems": null,
            "incomeTaxExpense": "1499000000.00",
            "totalRevenue": "11919000000.00",
            "totalOperatingExpenses": "5157000000.00",
            "costOfRevenue": null,
            "totalOtherIncomeExpenseNet": "1000000.00",
            "discontinuedOperations": null,
            "netIncomeFromContinuingOps": null,
            "netIncomeApplicableToCommonShares": null,
            "preferredStockAndOtherAdjustments": null
        },
        "2014-03-31": {
            "date": "2014-03-31",
            "filing_date": "2014-03-31",
            "currency_symbol": "NOK",
            "researchDevelopment": null,
            "effectOfAccountingCharges": null,
            "incomeBeforeTax": "7297000000.00",
            "minorityInterest": null,
            "netIncome": "5519000000.00",
            "sellingGeneralAdministrative": "2678000000.00",
            "sellingAndMarketingExpenses": "223000000.00",
            "grossProfit": "12463000000.00",
            "reconciledDepreciation": "538000000.00",
            "ebit": "14782000000.00",
            "ebitda": "15320000000.00",
            "depreciationAndAmortization": "538000000.00",
            "nonOperatingIncomeNetOther": null,
            "operatingIncome": "7297000000.00",
            "otherOperatingExpenses": "5145000000.00",
            "interestExpense": "7505000000.00",
            "taxProvision": null,
            "interestIncome": null,
            "netInterestIncome": null,
            "extraordinaryItems": null,
            "nonRecurring": null,
            "otherItems": null,
            "incomeTaxExpense": "1758000000.00",
            "totalRevenue": "12463000000.00",
            "totalOperatingExpenses": "5145000000.00",
            "costOfRevenue": null,
            "totalOtherIncomeExpenseNet": "-47000000.00",
            "discontinuedOperations": null,
            "netIncomeFromContinuingOps": null,
            "netIncomeApplicableToCommonShares": null,
            "preferredStockAndOtherAdjustments": null
        },
        "2013-12-31": {
            "date": "2013-12-31",
            "filing_date": "2013-12-31",
            "currency_symbol": "NOK",
            "researchDevelopment": null,
            "effectOfAccountingCharges": null,
            "incomeBeforeTax": "6867000000.00",
            "minorityInterest": null,
            "netIncome": "5665000000.00",
            "sellingGeneralAdministrative": "4963000000.00",
            "sellingAndMarketingExpenses": "211000000.00",
            "grossProfit": "17789000000.00",
            "reconciledDepreciation": "340000000.00",
            "ebit": "14354000000.00",
            "ebitda": "14694000000.00",
            "depreciationAndAmortization": "340000000.00",
            "nonOperatingIncomeNetOther": null,
            "operatingIncome": "4715000000.00",
            "otherOperatingExpenses": "9909000000.00",
            "interestExpense": "7477000000.00",
            "taxProvision": null,
            "interestIncome": null,
            "netInterestIncome": null,
            "extraordinaryItems": "9000000.00",
            "nonRecurring": null,
            "otherItems": null,
            "incomeTaxExpense": "1212000000.00",
            "totalRevenue": "17789000000.00",
            "totalOperatingExpenses": "9909000000.00",
            "costOfRevenue": null,
            "totalOtherIncomeExpenseNet": "2152000000.00",
            "discontinuedOperations": null,
            "netIncomeFromContinuingOps": null,
            "netIncomeApplicableToCommonShares": null,
            "preferredStockAndOtherAdjustments": null
        },
        "2013-09-30": {
            "date": "2013-09-30",
            "filing_date": "2013-09-30",
            "currency_symbol": "NOK",
            "researchDevelopment": null,
            "effectOfAccountingCharges": null,
            "incomeBeforeTax": "6337000000.00",
            "minorityInterest": null,
            "netIncome": "4881000000.00",
            "sellingGeneralAdministrative": "4217000000.00",
            "sellingAndMarketingExpenses": "205000000.00",
            "grossProfit": "17758000000.00",
            "reconciledDepreciation": "509000000.00",
            "ebit": "13787000000.00",
            "ebitda": "14296000000.00",
            "depreciationAndAmortization": "509000000.00",
            "nonOperatingIncomeNetOther": null,
            "operatingIncome": "6809000000.00",
            "otherOperatingExpenses": "10950000000.00",
            "interestExpense": "7458000000.00",
            "taxProvision": null,
            "interestIncome": null,
            "netInterestIncome": null,
            "extraordinaryItems": null,
            "nonRecurring": null,
            "otherItems": null,
            "incomeTaxExpense": "1448000000.00",
            "totalRevenue": "17758000000.00",
            "totalOperatingExpenses": "10950000000.00",
            "costOfRevenue": null,
            "totalOtherIncomeExpenseNet": "-472000000.00",
            "discontinuedOperations": null,
            "netIncomeFromContinuingOps": null,
            "netIncomeApplicableToCommonShares": null,
            "preferredStockAndOtherAdjustments": null
        },
        "2013-06-30": {
            "date": "2013-06-30",
            "filing_date": "2013-06-30",
            "currency_symbol": "NOK",
            "researchDevelopment": null,
            "effectOfAccountingCharges": null,
            "incomeBeforeTax": "5184000000.00",
            "minorityInterest": null,
            "netIncome": "3798000000.00",
            "sellingGeneralAdministrative": "4063000000.00",
            "sellingAndMarketingExpenses": "226000000.00",
            "grossProfit": "15023000000.00",
            "reconciledDepreciation": "593000000.00",
            "ebit": "12710000000.00",
            "ebitda": "13303000000.00",
            "depreciationAndAmortization": "593000000.00",
            "nonOperatingIncomeNetOther": null,
            "operatingIncome": "5663000000.00",
            "otherOperatingExpenses": "8355000000.00",
            "interestExpense": "7533000000.00",
            "taxProvision": null,
            "interestIncome": null,
            "netInterestIncome": null,
            "extraordinaryItems": null,
            "nonRecurring": null,
            "otherItems": null,
            "incomeTaxExpense": "1379000000.00",
            "totalRevenue": "15023000000.00",
            "totalOperatingExpenses": "8355000000.00",
            "costOfRevenue": null,
            "totalOtherIncomeExpenseNet": "-479000000.00",
            "discontinuedOperations": null,
            "netIncomeFromContinuingOps": null,
            "netIncomeApplicableToCommonShares": null,
            "preferredStockAndOtherAdjustments": null
        },
        "2013-03-31": {
            "date": "2013-03-31",
            "filing_date": "2013-03-31",
            "currency_symbol": "NOK",
            "researchDevelopment": null,
            "effectOfAccountingCharges": null,
            "incomeBeforeTax": "4321000000.00",
            "minorityInterest": null,
            "netIncome": "3181000000.00",
            "sellingGeneralAdministrative": "3380000000.00",
            "sellingAndMarketingExpenses": "204000000.00",
            "grossProfit": "14953000000.00",
            "reconciledDepreciation": "529000000.00",
            "ebit": "12072000000.00",
            "ebitda": "12601000000.00",
            "depreciationAndAmortization": "529000000.00",
            "nonOperatingIncomeNetOther": null,
            "operatingIncome": "5054000000.00",
            "otherOperatingExpenses": "9489000000.00",
            "interestExpense": "7742000000.00",
            "taxProvision": null,
            "interestIncome": null,
            "netInterestIncome": null,
            "extraordinaryItems": "10000000.00",
            "nonRecurring": null,
            "otherItems": null,
            "incomeTaxExpense": "1149000000.00",
            "totalRevenue": "14953000000.00",
            "totalOperatingExpenses": "9489000000.00",
            "costOfRevenue": null,
            "totalOtherIncomeExpenseNet": "-733000000.00",
            "discontinuedOperations": null,
            "netIncomeFromContinuingOps": null,
            "netIncomeApplicableToCommonShares": null,
            "preferredStockAndOtherAdjustments": null
        },
        "2012-12-31": {
            "date": "2012-12-31",
            "filing_date": "2012-12-31",
            "currency_symbol": "NOK",
            "researchDevelopment": null,
            "effectOfAccountingCharges": null,
            "incomeBeforeTax": "4307000000.00",
            "minorityInterest": null,
            "netIncome": "3227000000.00",
            "sellingGeneralAdministrative": "2486000000.00",
            "sellingAndMarketingExpenses": "205000000.00",
            "grossProfit": "10416000000.00",
            "reconciledDepreciation": "592000000.00",
            "ebit": "12236000000.00",
            "ebitda": "12828000000.00",
            "depreciationAndAmortization": "592000000.00",
            "nonOperatingIncomeNetOther": null,
            "operatingIncome": "5562000000.00",
            "otherOperatingExpenses": "4993000000.00",
            "interestExpense": "7925000000.00",
            "taxProvision": null,
            "interestIncome": null,
            "netInterestIncome": null,
            "extraordinaryItems": "4000000.00",
            "nonRecurring": null,
            "otherItems": null,
            "incomeTaxExpense": "1084000000.00",
            "totalRevenue": "10416000000.00",
            "totalOperatingExpenses": "4993000000.00",
            "costOfRevenue": null,
            "totalOtherIncomeExpenseNet": "-1255000000.00",
            "discontinuedOperations": null,
            "netIncomeFromContinuingOps": null,
            "netIncomeApplicableToCommonShares": null,
            "preferredStockAndOtherAdjustments": null
        },
        "2012-09-30": {
            "date": "2012-09-30",
            "filing_date": "2012-09-30",
            "currency_symbol": "NOK",
            "researchDevelopment": null,
            "effectOfAccountingCharges": null,
            "incomeBeforeTax": "4763000000.00",
            "minorityInterest": null,
            "netIncome": "3507000000.00",
            "sellingGeneralAdministrative": null,
            "sellingAndMarketingExpenses": null,
            "grossProfit": "12282000000.00",
            "reconciledDepreciation": "545000000.00",
            "ebit": "13861000000.00",
            "ebitda": "14406000000.00",
            "depreciationAndAmortization": "545000000.00",
            "nonOperatingIncomeNetOther": null,
            "operatingIncome": "4766000000.00",
            "otherOperatingExpenses": "7015000000.00",
            "interestExpense": "9098000000.00",
            "taxProvision": null,
            "interestIncome": null,
            "netInterestIncome": null,
            "extraordinaryItems": null,
            "nonRecurring": null,
            "otherItems": null,
            "incomeTaxExpense": "1256000000.00",
            "totalRevenue": "12282000000.00",
            "totalOperatingExpenses": "7015000000.00",
            "costOfRevenue": null,
            "totalOtherIncomeExpenseNet": "-3000000.00",
            "discontinuedOperations": null,
            "netIncomeFromContinuingOps": null,
            "netIncomeApplicableToCommonShares": null,
            "preferredStockAndOtherAdjustments": null
        },
        "2012-06-30": {
            "date": "2012-06-30",
            "filing_date": "2012-06-30",
            "currency_symbol": "NOK",
            "researchDevelopment": null,
            "effectOfAccountingCharges": null,
            "incomeBeforeTax": "6041000000.00",
            "minorityInterest": null,
            "netIncome": "4580000000.00",
            "sellingGeneralAdministrative": null,
            "sellingAndMarketingExpenses": null,
            "grossProfit": "13085000000.00",
            "reconciledDepreciation": "494000000.00",
            "ebit": "15487000000.00",
            "ebitda": "15981000000.00",
            "depreciationAndAmortization": "494000000.00",
            "nonOperatingIncomeNetOther": null,
            "operatingIncome": "6041000000.00",
            "otherOperatingExpenses": "6359000000.00",
            "interestExpense": "9446000000.00",
            "taxProvision": null,
            "interestIncome": null,
            "netInterestIncome": null,
            "extraordinaryItems": "92000000.00",
            "nonRecurring": null,
            "otherItems": null,
            "incomeTaxExpense": "1461000000.00",
            "totalRevenue": "13085000000.00",
            "totalOperatingExpenses": "6359000000.00",
            "costOfRevenue": null,
            "totalOtherIncomeExpenseNet": null,
            "discontinuedOperations": null,
            "netIncomeFromContinuingOps": null,
            "netIncomeApplicableToCommonShares": null,
            "preferredStockAndOtherAdjustments": null
        },
        "2012-03-31": {
            "date": "2012-03-31",
            "filing_date": "2012-03-31",
            "currency_symbol": "NOK",
            "researchDevelopment": null,
            "effectOfAccountingCharges": null,
            "incomeBeforeTax": "2378000000.00",
            "minorityInterest": null,
            "netIncome": "1760000000.00",
            "sellingGeneralAdministrative": null,
            "sellingAndMarketingExpenses": null,
            "grossProfit": "9962000000.00",
            "reconciledDepreciation": "430000000.00",
            "ebit": "11785000000.00",
            "ebitda": "12215000000.00",
            "depreciationAndAmortization": "430000000.00",
            "nonOperatingIncomeNetOther": null,
            "operatingIncome": "2377000000.00",
            "otherOperatingExpenses": "6801000000.00",
            "interestExpense": "9407000000.00",
            "taxProvision": null,
            "interestIncome": null,
            "netInterestIncome": null,
            "extraordinaryItems": null,
            "nonRecurring": null,
            "otherItems": null,
            "incomeTaxExpense": "618000000.00",
            "totalRevenue": "9962000000.00",
            "totalOperatingExpenses": "6801000000.00",
            "costOfRevenue": null,
            "totalOtherIncomeExpenseNet": "1000000.00",
            "discontinuedOperations": null,
            "netIncomeFromContinuingOps": null,
            "netIncomeApplicableToCommonShares": null,
            "preferredStockAndOtherAdjustments": null
        },
        "2011-12-31": {
            "date": "2011-12-31",
            "filing_date": "2011-12-31",
            "currency_symbol": "NOK",
            "researchDevelopment": null,
            "effectOfAccountingCharges": null,
            "incomeBeforeTax": "5709000000.00",
            "minorityInterest": null,
            "netIncome": "3669000000.00",
            "sellingGeneralAdministrative": "2371000000.00",
            "sellingAndMarketingExpenses": "249000000.00",
            "grossProfit": "11762000000.00",
            "reconciledDepreciation": "654000000.00",
            "ebit": "15027000000.00",
            "ebitda": "15681000000.00",
            "depreciationAndAmortization": "654000000.00",
            "nonOperatingIncomeNetOther": null,
            "operatingIncome": "15027000000.00",
            "otherOperatingExpenses": "5033000000.00",
            "interestExpense": "9318000000.00",
            "taxProvision": null,
            "interestIncome": null,
            "netInterestIncome": null,
            "extraordinaryItems": null,
            "nonRecurring": null,
            "otherItems": null,
            "incomeTaxExpense": "2040000000.00",
            "totalRevenue": "11762000000.00",
            "totalOperatingExpenses": "5033000000.00",
            "costOfRevenue": null,
            "totalOtherIncomeExpenseNet": "-9318000000.00",
            "discontinuedOperations": null,
            "netIncomeFromContinuingOps": null,
            "netIncomeApplicableToCommonShares": null,
            "preferredStockAndOtherAdjustments": null
        },
        "2011-09-30": {
            "date": "2011-09-30",
            "filing_date": "2011-09-30",
            "currency_symbol": "NOK",
            "researchDevelopment": null,
            "effectOfAccountingCharges": null,
            "incomeBeforeTax": "4072000000.00",
            "minorityInterest": null,
            "netIncome": "2493000000.00",
            "sellingGeneralAdministrative": null,
            "sellingAndMarketingExpenses": null,
            "grossProfit": "10097000000.00",
            "reconciledDepreciation": "439000000.00",
            "ebit": "13994000000.00",
            "ebitda": "14433000000.00",
            "depreciationAndAmortization": "439000000.00",
            "nonOperatingIncomeNetOther": null,
            "operatingIncome": "5235000000.00",
            "otherOperatingExpenses": "4862000000.00",
            "interestExpense": "9897000000.00",
            "taxProvision": null,
            "interestIncome": null,
            "netInterestIncome": null,
            "extraordinaryItems": "25000000.00",
            "nonRecurring": null,
            "otherItems": null,
            "incomeTaxExpense": "1604000000.00",
            "totalRevenue": "10097000000.00",
            "totalOperatingExpenses": "4862000000.00",
            "costOfRevenue": null,
            "totalOtherIncomeExpenseNet": "-1163000000.00",
            "discontinuedOperations": null,
            "netIncomeFromContinuingOps": null,
            "netIncomeApplicableToCommonShares": null,
            "preferredStockAndOtherAdjustments": null
        },
        "2011-06-30": {
            "date": "2011-06-30",
            "filing_date": "2011-06-30",
            "currency_symbol": "NOK",
            "researchDevelopment": null,
            "effectOfAccountingCharges": null,
            "incomeBeforeTax": "4652000000.00",
            "minorityInterest": null,
            "netIncome": "3546000000.00",
            "sellingGeneralAdministrative": "2072000000.00",
            "sellingAndMarketingExpenses": null,
            "grossProfit": "12112000000.00",
            "reconciledDepreciation": "444000000.00",
            "ebit": "13764000000.00",
            "ebitda": "14208000000.00",
            "depreciationAndAmortization": "444000000.00",
            "nonOperatingIncomeNetOther": null,
            "operatingIncome": "4651000000.00",
            "otherOperatingExpenses": "7004000000.00",
            "interestExpense": "9102000000.00",
            "taxProvision": null,
            "interestIncome": null,
            "netInterestIncome": null,
            "extraordinaryItems": "11000000.00",
            "nonRecurring": null,
            "otherItems": null,
            "incomeTaxExpense": "1116000000.00",
            "totalRevenue": "12112000000.00",
            "totalOperatingExpenses": "7004000000.00",
            "costOfRevenue": null,
            "totalOtherIncomeExpenseNet": "1000000.00",
            "discontinuedOperations": null,
            "netIncomeFromContinuingOps": null,
            "netIncomeApplicableToCommonShares": null,
            "preferredStockAndOtherAdjustments": null
        },
        "2011-03-31": {
            "date": "2011-03-31",
            "filing_date": "2011-03-31",
            "currency_symbol": "NOK",
            "researchDevelopment": null,
            "effectOfAccountingCharges": null,
            "incomeBeforeTax": "3805000000.00",
            "minorityInterest": null,
            "netIncome": "2851000000.00",
            "sellingGeneralAdministrative": null,
            "sellingAndMarketingExpenses": null,
            "grossProfit": "9485000000.00",
            "reconciledDepreciation": "419000000.00",
            "ebit": "12648000000.00",
            "ebitda": "13067000000.00",
            "depreciationAndAmortization": "419000000.00",
            "nonOperatingIncomeNetOther": null,
            "operatingIncome": "4692000000.00",
            "otherOperatingExpenses": "4793000000.00",
            "interestExpense": "8884000000.00",
            "taxProvision": null,
            "interestIncome": null,
            "netInterestIncome": null,
            "extraordinaryItems": null,
            "nonRecurring": null,
            "otherItems": null,
            "incomeTaxExpense": "913000000.00",
            "totalRevenue": "9485000000.00",
            "totalOperatingExpenses": "4793000000.00",
            "costOfRevenue": null,
            "totalOtherIncomeExpenseNet": "-887000000.00",
            "discontinuedOperations": null,
            "netIncomeFromContinuingOps": null,
            "netIncomeApplicableToCommonShares": null,
            "preferredStockAndOtherAdjustments": null
        },
        "2010-12-31": {
            "date": "2010-12-31",
            "filing_date": "2010-12-31",
            "currency_symbol": "NOK",
            "researchDevelopment": null,
            "effectOfAccountingCharges": null,
            "incomeBeforeTax": "5593000000.00",
            "minorityInterest": null,
            "netIncome": "5349000000.00",
            "sellingGeneralAdministrative": null,
            "sellingAndMarketingExpenses": null,
            "grossProfit": "2463000000.00",
            "reconciledDepreciation": "-1130000000.00",
            "ebit": "14732000000.00",
            "ebitda": "13602000000.00",
            "depreciationAndAmortization": "-1130000000.00",
            "nonOperatingIncomeNetOther": null,
            "operatingIncome": "-24332000000.00",
            "otherOperatingExpenses": "22194000000.00",
            "interestExpense": "9016000000.00",
            "taxProvision": null,
            "interestIncome": null,
            "netInterestIncome": null,
            "extraordinaryItems": "58000000.00",
            "nonRecurring": null,
            "otherItems": null,
            "incomeTaxExpense": "367000000.00",
            "totalRevenue": "2463000000.00",
            "totalOperatingExpenses": "22194000000.00",
            "costOfRevenue": null,
            "totalOtherIncomeExpenseNet": "29925000000.00",
            "discontinuedOperations": null,
            "netIncomeFromContinuingOps": null,
            "netIncomeApplicableToCommonShares": null,
            "preferredStockAndOtherAdjustments": null
        },
        "2010-09-30": {
            "date": "2010-09-30",
            "filing_date": "2010-09-30",
            "currency_symbol": "NOK",
            "researchDevelopment": null,
            "effectOfAccountingCharges": null,
            "incomeBeforeTax": "4157000000.00",
            "minorityInterest": null,
            "netIncome": "3084000000.00",
            "sellingGeneralAdministrative": null,
            "sellingAndMarketingExpenses": null,
            "grossProfit": "19917000000.00",
            "reconciledDepreciation": "421000000.00",
            "ebit": "13058000000.00",
            "ebitda": "13479000000.00",
            "depreciationAndAmortization": "421000000.00",
            "nonOperatingIncomeNetOther": null,
            "operatingIncome": "15435000000.00",
            "otherOperatingExpenses": "4482000000.00",
            "interestExpense": "8825000000.00",
            "taxProvision": null,
            "interestIncome": null,
            "netInterestIncome": null,
            "extraordinaryItems": "30000000.00",
            "nonRecurring": null,
            "otherItems": null,
            "incomeTaxExpense": "1149000000.00",
            "totalRevenue": "19917000000.00",
            "totalOperatingExpenses": "4482000000.00",
            "costOfRevenue": null,
            "totalOtherIncomeExpenseNet": "-11278000000.00",
            "discontinuedOperations": null,
            "netIncomeFromContinuingOps": null,
            "netIncomeApplicableToCommonShares": null,
            "preferredStockAndOtherAdjustments": null
        },
        "2010-06-30": {
            "date": "2010-06-30",
            "filing_date": "2010-06-30",
            "currency_symbol": "NOK",
            "researchDevelopment": null,
            "effectOfAccountingCharges": null,
            "incomeBeforeTax": "1658000000.00",
            "minorityInterest": null,
            "netIncome": "1178000000.00",
            "sellingGeneralAdministrative": "2014000000.00",
            "sellingAndMarketingExpenses": null,
            "grossProfit": "2062000000.00",
            "reconciledDepreciation": "604000000.00",
            "ebit": "15792000000.00",
            "ebitda": "16396000000.00",
            "depreciationAndAmortization": "604000000.00",
            "nonOperatingIncomeNetOther": null,
            "operatingIncome": "-8292000000.00",
            "otherOperatingExpenses": "5491000000.00",
            "interestExpense": "13612000000.00",
            "taxProvision": null,
            "interestIncome": null,
            "netInterestIncome": null,
            "extraordinaryItems": null,
            "nonRecurring": null,
            "otherItems": null,
            "incomeTaxExpense": "1002000000.00",
            "totalRevenue": "2062000000.00",
            "totalOperatingExpenses": "5491000000.00",
            "costOfRevenue": null,
            "totalOtherIncomeExpenseNet": "9950000000.00",
            "discontinuedOperations": null,
            "netIncomeFromContinuingOps": null,
            "netIncomeApplicableToCommonShares": null,
            "preferredStockAndOtherAdjustments": null
        },
        "2010-03-31": {
            "date": "2010-03-31",
            "filing_date": "2010-03-31",
            "currency_symbol": "NOK",
            "researchDevelopment": null,
            "effectOfAccountingCharges": null,
            "incomeBeforeTax": "4002000000.00",
            "minorityInterest": null,
            "netIncome": "3117000000.00",
            "sellingGeneralAdministrative": null,
            "sellingAndMarketingExpenses": null,
            "grossProfit": "17107000000.00",
            "reconciledDepreciation": "366000000.00",
            "ebit": "11678000000.00",
            "ebitda": "12044000000.00",
            "depreciationAndAmortization": "366000000.00",
            "nonOperatingIncomeNetOther": null,
            "operatingIncome": "13939000000.00",
            "otherOperatingExpenses": "4115000000.00",
            "interestExpense": "7480000000.00",
            "taxProvision": null,
            "interestIncome": null,
            "netInterestIncome": null,
            "extraordinaryItems": null,
            "nonRecurring": null,
            "otherItems": null,
            "incomeTaxExpense": "1081000000.00",
            "totalRevenue": "17107000000.00",
            "totalOperatingExpenses": "4115000000.00",
            "costOfRevenue": null,
            "totalOtherIncomeExpenseNet": "-9937000000.00",
            "discontinuedOperations": null,
            "netIncomeFromContinuingOps": null,
            "netIncomeApplicableToCommonShares": null,
            "preferredStockAndOtherAdjustments": null
        },
        "2009-12-31": {
            "date": "2009-12-31",
            "filing_date": "2009-12-31",
            "currency_symbol": "NOK",
            "researchDevelopment": null,
            "effectOfAccountingCharges": null,
            "incomeBeforeTax": "2610000000.00",
            "minorityInterest": null,
            "netIncome": "2122000000.00",
            "sellingGeneralAdministrative": null,
            "sellingAndMarketingExpenses": null,
            "grossProfit": "-1812000000.00",
            "reconciledDepreciation": "-13000000.00",
            "ebit": "10185000000.00",
            "ebitda": "10172000000.00",
            "depreciationAndAmortization": "-13000000.00",
            "nonOperatingIncomeNetOther": null,
            "operatingIncome": "-31923000000.00",
            "otherOperatingExpenses": "21197000000.00",
            "interestExpense": "7062000000.00",
            "taxProvision": null,
            "interestIncome": null,
            "netInterestIncome": null,
            "extraordinaryItems": "80000000.00",
            "nonRecurring": null,
            "otherItems": null,
            "incomeTaxExpense": "1001000000.00",
            "totalRevenue": "-1812000000.00",
            "totalOperatingExpenses": "21197000000.00",
            "costOfRevenue": null,
            "totalOtherIncomeExpenseNet": "34533000000.00",
            "discontinuedOperations": null,
            "netIncomeFromContinuingOps": null,
            "netIncomeApplicableToCommonShares": null,
            "preferredStockAndOtherAdjustments": null
        },
        "2009-09-30": {
            "date": "2009-09-30",
            "filing_date": "2009-09-30",
            "currency_symbol": "NOK",
            "researchDevelopment": null,
            "effectOfAccountingCharges": null,
            "incomeBeforeTax": "2762000000.00",
            "minorityInterest": null,
            "netIncome": "2167000000.00",
            "sellingGeneralAdministrative": null,
            "sellingAndMarketingExpenses": null,
            "grossProfit": "21944000000.00",
            "reconciledDepreciation": "522000000.00",
            "ebit": "10746000000.00",
            "ebitda": "11268000000.00",
            "depreciationAndAmortization": "522000000.00",
            "nonOperatingIncomeNetOther": null,
            "operatingIncome": "17296000000.00",
            "otherOperatingExpenses": "4648000000.00",
            "interestExpense": "7577000000.00",
            "taxProvision": null,
            "interestIncome": null,
            "netInterestIncome": null,
            "extraordinaryItems": null,
            "nonRecurring": null,
            "otherItems": null,
            "incomeTaxExpense": "1002000000.00",
            "totalRevenue": "21944000000.00",
            "totalOperatingExpenses": "4648000000.00",
            "costOfRevenue": null,
            "totalOtherIncomeExpenseNet": "-14534000000.00",
            "discontinuedOperations": null,
            "netIncomeFromContinuingOps": null,
            "netIncomeApplicableToCommonShares": null,
            "preferredStockAndOtherAdjustments": null
        },
        "2009-06-30": {
            "date": "2009-06-30",
            "filing_date": "2009-06-30",
            "currency_symbol": "NOK",
            "researchDevelopment": null,
            "effectOfAccountingCharges": null,
            "incomeBeforeTax": "6518000000.00",
            "minorityInterest": null,
            "netIncome": "5490000000.00",
            "sellingGeneralAdministrative": null,
            "sellingAndMarketingExpenses": null,
            "grossProfit": "26833000000.00",
            "reconciledDepreciation": "1872000000.00",
            "ebit": "31672000000.00",
            "ebitda": "33544000000.00",
            "depreciationAndAmortization": "1872000000.00",
            "nonOperatingIncomeNetOther": null,
            "operatingIncome": "3328000000.00",
            "otherOperatingExpenses": "14197000000.00",
            "interestExpense": "23676000000.00",
            "taxProvision": null,
            "interestIncome": null,
            "netInterestIncome": null,
            "extraordinaryItems": null,
            "nonRecurring": null,
            "otherItems": null,
            "incomeTaxExpense": "2506000000.00",
            "totalRevenue": "26833000000.00",
            "totalOperatingExpenses": "14197000000.00",
            "costOfRevenue": null,
            "totalOtherIncomeExpenseNet": "3190000000.00",
            "discontinuedOperations": null,
            "netIncomeFromContinuingOps": null,
            "netIncomeApplicableToCommonShares": null,
            "preferredStockAndOtherAdjustments": null
        },
        "2009-03-31": {
            "date": "2009-03-31",
            "filing_date": "2009-03-31",
            "currency_symbol": "NOK",
            "researchDevelopment": null,
            "effectOfAccountingCharges": null,
            "incomeBeforeTax": "4514000000.00",
            "minorityInterest": null,
            "netIncome": "3095000000.00",
            "sellingGeneralAdministrative": null,
            "sellingAndMarketingExpenses": null,
            "grossProfit": "10794000000.00",
            "reconciledDepreciation": "338000000.00",
            "ebit": "16729000000.00",
            "ebitda": "17067000000.00",
            "depreciationAndAmortization": "338000000.00",
            "nonOperatingIncomeNetOther": null,
            "operatingIncome": "7678000000.00",
            "otherOperatingExpenses": "4714000000.00",
            "interestExpense": "12054000000.00",
            "taxProvision": null,
            "interestIncome": null,
            "netInterestIncome": null,
            "extraordinaryItems": null,
            "nonRecurring": null,
            "otherItems": null,
            "incomeTaxExpense": "1580000000.00",
            "totalRevenue": "10794000000.00",
            "totalOperatingExpenses": "4714000000.00",
            "costOfRevenue": null,
            "totalOtherIncomeExpenseNet": "-3164000000.00",
            "discontinuedOperations": null,
            "netIncomeFromContinuingOps": null,
            "netIncomeApplicableToCommonShares": null,
            "preferredStockAndOtherAdjustments": null
        },
        "2008-12-31": {
            "date": "2008-12-31",
            "filing_date": null,
            "currency_symbol": "NOK",
            "researchDevelopment": null,
            "effectOfAccountingCharges": null,
            "incomeBeforeTax": "2868000000.00",
            "minorityInterest": null,
            "netIncome": null,
            "sellingGeneralAdministrative": null,
            "sellingAndMarketingExpenses": null,
            "grossProfit": null,
            "reconciledDepreciation": null,
            "ebit": null,
            "ebitda": null,
            "depreciationAndAmortization": null,
            "nonOperatingIncomeNetOther": null,
            "operatingIncome": null,
            "otherOperatingExpenses": null,
            "interestExpense": "16496000000.00",
            "taxProvision": null,
            "interestIncome": null,
            "netInterestIncome": null,
            "extraordinaryItems": null,
            "nonRecurring": null,
            "otherItems": null,
            "incomeTaxExpense": "1240000000.00",
            "totalRevenue": "26659000000.00",
            "totalOperatingExpenses": null,
            "costOfRevenue": null,
            "totalOtherIncomeExpenseNet": null,
            "discontinuedOperations": null,
            "netIncomeFromContinuingOps": null,
            "netIncomeApplicableToCommonShares": null,
            "preferredStockAndOtherAdjustments": null
        },
        "2008-09-30": {
            "date": "2008-09-30",
            "filing_date": null,
            "currency_symbol": "NOK",
            "researchDevelopment": null,
            "effectOfAccountingCharges": null,
            "incomeBeforeTax": "3648000000.00",
            "minorityInterest": null,
            "netIncome": null,
            "sellingGeneralAdministrative": null,
            "sellingAndMarketingExpenses": null,
            "grossProfit": null,
            "reconciledDepreciation": null,
            "ebit": null,
            "ebitda": null,
            "depreciationAndAmortization": null,
            "nonOperatingIncomeNetOther": null,
            "operatingIncome": null,
            "otherOperatingExpenses": null,
            "interestExpense": "15622000000.00",
            "taxProvision": null,
            "interestIncome": null,
            "netInterestIncome": null,
            "extraordinaryItems": null,
            "nonRecurring": null,
            "otherItems": null,
            "incomeTaxExpense": "839000000.00",
            "totalRevenue": "22912000000.00",
            "totalOperatingExpenses": null,
            "costOfRevenue": null,
            "totalOtherIncomeExpenseNet": null,
            "discontinuedOperations": null,
            "netIncomeFromContinuingOps": null,
            "netIncomeApplicableToCommonShares": null,
            "preferredStockAndOtherAdjustments": null
        },
        "2008-06-30": {
            "date": "2008-06-30",
            "filing_date": null,
            "currency_symbol": "NOK",
            "researchDevelopment": null,
            "effectOfAccountingCharges": null,
            "incomeBeforeTax": "4363000000.00",
            "minorityInterest": "63000000.00",
            "netIncome": null,
            "sellingGeneralAdministrative": null,
            "sellingAndMarketingExpenses": null,
            "grossProfit": null,
            "reconciledDepreciation": null,
            "ebit": null,
            "ebitda": null,
            "depreciationAndAmortization": null,
            "nonOperatingIncomeNetOther": null,
            "operatingIncome": null,
            "otherOperatingExpenses": null,
            "interestExpense": "14467000000.00",
            "taxProvision": null,
            "interestIncome": null,
            "netInterestIncome": null,
            "extraordinaryItems": null,
            "nonRecurring": null,
            "otherItems": null,
            "incomeTaxExpense": "1003000000.00",
            "totalRevenue": "21950000000.00",
            "totalOperatingExpenses": null,
            "costOfRevenue": null,
            "totalOtherIncomeExpenseNet": null,
            "discontinuedOperations": null,
            "netIncomeFromContinuingOps": null,
            "netIncomeApplicableToCommonShares": null,
            "preferredStockAndOtherAdjustments": null
        },
        "2008-03-31": {
            "date": "2008-03-31",
            "filing_date": null,
            "currency_symbol": "NOK",
            "researchDevelopment": null,
            "effectOfAccountingCharges": null,
            "incomeBeforeTax": "1291000000.00",
            "minorityInterest": "66000000.00",
            "netIncome": null,
            "sellingGeneralAdministrative": null,
            "sellingAndMarketingExpenses": null,
            "grossProfit": null,
            "reconciledDepreciation": null,
            "ebit": null,
            "ebitda": null,
            "depreciationAndAmortization": null,
            "nonOperatingIncomeNetOther": null,
            "operatingIncome": null,
            "otherOperatingExpenses": null,
            "interestExpense": "13459000000.00",
            "taxProvision": null,
            "interestIncome": null,
            "netInterestIncome": null,
            "extraordinaryItems": null,
            "nonRecurring": null,
            "otherItems": null,
            "incomeTaxExpense": "170000000.00",
            "totalRevenue": "17605000000.00",
            "totalOperatingExpenses": null,
            "costOfRevenue": null,
            "totalOtherIncomeExpenseNet": null,
            "discontinuedOperations": null,
            "netIncomeFromContinuingOps": null,
            "netIncomeApplicableToCommonShares": null,
            "preferredStockAndOtherAdjustments": null
        },
        "2007-12-31": {
            "date": "2007-12-31",
            "filing_date": null,
            "currency_symbol": "NOK",
            "researchDevelopment": null,
            "effectOfAccountingCharges": null,
            "incomeBeforeTax": "5270000000.00",
            "minorityInterest": "59000000.00",
            "netIncome": null,
            "sellingGeneralAdministrative": null,
            "sellingAndMarketingExpenses": null,
            "grossProfit": null,
            "reconciledDepreciation": null,
            "ebit": null,
            "ebitda": null,
            "depreciationAndAmortization": null,
            "nonOperatingIncomeNetOther": null,
            "operatingIncome": null,
            "otherOperatingExpenses": null,
            "interestExpense": "12543000000.00",
            "taxProvision": null,
            "interestIncome": null,
            "netInterestIncome": null,
            "extraordinaryItems": null,
            "nonRecurring": null,
            "otherItems": null,
            "incomeTaxExpense": "194000000.00",
            "totalRevenue": "21826000000.00",
            "totalOperatingExpenses": null,
            "costOfRevenue": null,
            "totalOtherIncomeExpenseNet": null,
            "discontinuedOperations": null,
            "netIncomeFromContinuingOps": null,
            "netIncomeApplicableToCommonShares": null,
            "preferredStockAndOtherAdjustments": null
        },
        "2007-09-30": {
            "date": "2007-09-30",
            "filing_date": null,
            "currency_symbol": "NOK",
            "researchDevelopment": null,
            "effectOfAccountingCharges": null,
            "incomeBeforeTax": "4498000000.00",
            "minorityInterest": "50000000.00",
            "netIncome": null,
            "sellingGeneralAdministrative": null,
            "sellingAndMarketingExpenses": null,
            "grossProfit": null,
            "reconciledDepreciation": null,
            "ebit": null,
            "ebitda": null,
            "depreciationAndAmortization": null,
            "nonOperatingIncomeNetOther": null,
            "operatingIncome": null,
            "otherOperatingExpenses": null,
            "interestExpense": "11357000000.00",
            "taxProvision": null,
            "interestIncome": null,
            "netInterestIncome": null,
            "extraordinaryItems": null,
            "nonRecurring": null,
            "otherItems": null,
            "incomeTaxExpense": "826000000.00",
            "totalRevenue": "18549000000.00",
            "totalOperatingExpenses": null,
            "costOfRevenue": null,
            "totalOtherIncomeExpenseNet": null,
            "discontinuedOperations": null,
            "netIncomeFromContinuingOps": null,
            "netIncomeApplicableToCommonShares": null,
            "preferredStockAndOtherAdjustments": null
        },
        "2007-06-30": {
            "date": "2007-06-30",
            "filing_date": null,
            "currency_symbol": "NOK",
            "researchDevelopment": null,
            "effectOfAccountingCharges": null,
            "incomeBeforeTax": "3918000000.00",
            "minorityInterest": "78000000.00",
            "netIncome": null,
            "sellingGeneralAdministrative": null,
            "sellingAndMarketingExpenses": null,
            "grossProfit": null,
            "reconciledDepreciation": null,
            "ebit": null,
            "ebitda": null,
            "depreciationAndAmortization": null,
            "nonOperatingIncomeNetOther": null,
            "operatingIncome": null,
            "otherOperatingExpenses": null,
            "interestExpense": "10579000000.00",
            "taxProvision": null,
            "interestIncome": null,
            "netInterestIncome": null,
            "extraordinaryItems": null,
            "nonRecurring": null,
            "otherItems": null,
            "incomeTaxExpense": "511000000.00",
            "totalRevenue": "17249000000.00",
            "totalOperatingExpenses": null,
            "costOfRevenue": null,
            "totalOtherIncomeExpenseNet": null,
            "discontinuedOperations": null,
            "netIncomeFromContinuingOps": null,
            "netIncomeApplicableToCommonShares": null,
            "preferredStockAndOtherAdjustments": null
        },
        "2007-03-31": {
            "date": "2007-03-31",
            "filing_date": null,
            "currency_symbol": "NOK",
            "researchDevelopment": null,
            "effectOfAccountingCharges": null,
            "incomeBeforeTax": "3722000000.00",
            "minorityInterest": "54000000.00",
            "netIncome": null,
            "sellingGeneralAdministrative": null,
            "sellingAndMarketingExpenses": null,
            "grossProfit": null,
            "reconciledDepreciation": null,
            "ebit": null,
            "ebitda": null,
            "depreciationAndAmortization": null,
            "nonOperatingIncomeNetOther": null,
            "operatingIncome": null,
            "otherOperatingExpenses": null,
            "interestExpense": "9401000000.00",
            "taxProvision": null,
            "interestIncome": null,
            "netInterestIncome": null,
            "extraordinaryItems": null,
            "nonRecurring": null,
            "otherItems": null,
            "incomeTaxExpense": "856000000.00",
            "totalRevenue": "15665000000.00",
            "totalOperatingExpenses": null,
            "costOfRevenue": null,
            "totalOtherIncomeExpenseNet": null,
            "discontinuedOperations": null,
            "netIncomeFromContinuingOps": null,
            "netIncomeApplicableToCommonShares": null,
            "preferredStockAndOtherAdjustments": null
        },
        "2006-12-31": {
            "date": "2006-12-31",
            "filing_date": null,
            "currency_symbol": "NOK",
            "researchDevelopment": null,
            "effectOfAccountingCharges": null,
            "incomeBeforeTax": "3684000000.00",
            "minorityInterest": "29000000.00",
            "netIncome": null,
            "sellingGeneralAdministrative": null,
            "sellingAndMarketingExpenses": null,
            "grossProfit": null,
            "reconciledDepreciation": null,
            "ebit": null,
            "ebitda": null,
            "depreciationAndAmortization": null,
            "nonOperatingIncomeNetOther": null,
            "operatingIncome": null,
            "otherOperatingExpenses": null,
            "interestExpense": "8581000000.00",
            "taxProvision": null,
            "interestIncome": null,
            "netInterestIncome": null,
            "extraordinaryItems": null,
            "nonRecurring": null,
            "otherItems": null,
            "incomeTaxExpense": "290000000.00",
            "totalRevenue": "23685000000.00",
            "totalOperatingExpenses": null,
            "costOfRevenue": null,
            "totalOtherIncomeExpenseNet": null,
            "discontinuedOperations": null,
            "netIncomeFromContinuingOps": null,
            "netIncomeApplicableToCommonShares": null,
            "preferredStockAndOtherAdjustments": null
        },
        "2006-09-30": {
            "date": "2006-09-30",
            "filing_date": null,
            "currency_symbol": "NOK",
            "researchDevelopment": null,
            "effectOfAccountingCharges": null,
            "incomeBeforeTax": "3558000000.00",
            "minorityInterest": "45000000.00",
            "netIncome": null,
            "sellingGeneralAdministrative": null,
            "sellingAndMarketingExpenses": null,
            "grossProfit": null,
            "reconciledDepreciation": null,
            "ebit": null,
            "ebitda": null,
            "depreciationAndAmortization": null,
            "nonOperatingIncomeNetOther": null,
            "operatingIncome": null,
            "otherOperatingExpenses": null,
            "interestExpense": "7049000000.00",
            "taxProvision": null,
            "interestIncome": null,
            "netInterestIncome": null,
            "extraordinaryItems": null,
            "nonRecurring": null,
            "otherItems": null,
            "incomeTaxExpense": "844000000.00",
            "totalRevenue": "17912000000.00",
            "totalOperatingExpenses": null,
            "costOfRevenue": null,
            "totalOtherIncomeExpenseNet": null,
            "discontinuedOperations": null,
            "netIncomeFromContinuingOps": null,
            "netIncomeApplicableToCommonShares": null,
            "preferredStockAndOtherAdjustments": null
        },
        "2006-06-30": {
            "date": "2006-06-30",
            "filing_date": null,
            "currency_symbol": "NOK",
            "researchDevelopment": null,
            "effectOfAccountingCharges": null,
            "incomeBeforeTax": "3704000000.00",
            "minorityInterest": "35000000.00",
            "netIncome": null,
            "sellingGeneralAdministrative": null,
            "sellingAndMarketingExpenses": null,
            "grossProfit": null,
            "reconciledDepreciation": null,
            "ebit": null,
            "ebitda": null,
            "depreciationAndAmortization": null,
            "nonOperatingIncomeNetOther": null,
            "operatingIncome": null,
            "otherOperatingExpenses": null,
            "interestExpense": "6220000000.00",
            "taxProvision": null,
            "interestIncome": null,
            "netInterestIncome": null,
            "extraordinaryItems": null,
            "nonRecurring": null,
            "otherItems": null,
            "incomeTaxExpense": "853000000.00",
            "totalRevenue": "16957000000.00",
            "totalOperatingExpenses": null,
            "costOfRevenue": null,
            "totalOtherIncomeExpenseNet": null,
            "discontinuedOperations": null,
            "netIncomeFromContinuingOps": null,
            "netIncomeApplicableToCommonShares": null,
            "preferredStockAndOtherAdjustments": null
        },
        "2006-03-31": {
            "date": "2006-03-31",
            "filing_date": null,
            "currency_symbol": "NOK",
            "researchDevelopment": null,
            "effectOfAccountingCharges": null,
            "incomeBeforeTax": "3743000000.00",
            "minorityInterest": "34000000.00",
            "netIncome": null,
            "sellingGeneralAdministrative": null,
            "sellingAndMarketingExpenses": null,
            "grossProfit": null,
            "reconciledDepreciation": null,
            "ebit": null,
            "ebitda": null,
            "depreciationAndAmortization": null,
            "nonOperatingIncomeNetOther": null,
            "operatingIncome": null,
            "otherOperatingExpenses": null,
            "interestExpense": "5242000000.00",
            "taxProvision": null,
            "interestIncome": null,
            "netInterestIncome": null,
            "extraordinaryItems": null,
            "nonRecurring": null,
            "otherItems": null,
            "incomeTaxExpense": "894000000.00",
            "totalRevenue": "18557000000.00",
            "totalOperatingExpenses": null,
            "costOfRevenue": null,
            "totalOtherIncomeExpenseNet": null,
            "discontinuedOperations": null,
            "netIncomeFromContinuingOps": null,
            "netIncomeApplicableToCommonShares": null,
            "preferredStockAndOtherAdjustments": null
        },
        "2005-12-31": {
            "date": "2005-12-31",
            "filing_date": null,
            "currency_symbol": "NOK",
            "researchDevelopment": null,
            "effectOfAccountingCharges": null,
            "incomeBeforeTax": "3671000000.00",
            "minorityInterest": null,
            "netIncome": null,
            "sellingGeneralAdministrative": null,
            "sellingAndMarketingExpenses": null,
            "grossProfit": null,
            "reconciledDepreciation": null,
            "ebit": null,
            "ebitda": null,
            "depreciationAndAmortization": null,
            "nonOperatingIncomeNetOther": null,
            "operatingIncome": null,
            "otherOperatingExpenses": null,
            "interestExpense": "4601000000.00",
            "taxProvision": null,
            "interestIncome": null,
            "netInterestIncome": null,
            "extraordinaryItems": null,
            "nonRecurring": null,
            "otherItems": null,
            "incomeTaxExpense": "606000000.00",
            "totalRevenue": "12011000000.00",
            "totalOperatingExpenses": null,
            "costOfRevenue": null,
            "totalOtherIncomeExpenseNet": null,
            "discontinuedOperations": null,
            "netIncomeFromContinuingOps": null,
            "netIncomeApplicableToCommonShares": null,
            "preferredStockAndOtherAdjustments": null
        },
        "2005-09-30": {
            "date": "2005-09-30",
            "filing_date": null,
            "currency_symbol": "NOK",
            "researchDevelopment": null,
            "effectOfAccountingCharges": null,
            "incomeBeforeTax": "3552000000.00",
            "minorityInterest": null,
            "netIncome": null,
            "sellingGeneralAdministrative": null,
            "sellingAndMarketingExpenses": null,
            "grossProfit": null,
            "reconciledDepreciation": null,
            "ebit": null,
            "ebitda": null,
            "depreciationAndAmortization": null,
            "nonOperatingIncomeNetOther": null,
            "operatingIncome": null,
            "otherOperatingExpenses": null,
            "interestExpense": "4187000000.00",
            "taxProvision": null,
            "interestIncome": null,
            "netInterestIncome": null,
            "extraordinaryItems": null,
            "nonRecurring": null,
            "otherItems": null,
            "incomeTaxExpense": "887000000.00",
            "totalRevenue": "11453000000.00",
            "totalOperatingExpenses": null,
            "costOfRevenue": null,
            "totalOtherIncomeExpenseNet": null,
            "discontinuedOperations": null,
            "netIncomeFromContinuingOps": null,
            "netIncomeApplicableToCommonShares": null,
            "preferredStockAndOtherAdjustments": null
        },
        "2005-06-30": {
            "date": "2005-06-30",
            "filing_date": null,
            "currency_symbol": "NOK",
            "researchDevelopment": null,
            "effectOfAccountingCharges": null,
            "incomeBeforeTax": "3253000000.00",
            "minorityInterest": "13000000.00",
            "netIncome": null,
            "sellingGeneralAdministrative": null,
            "sellingAndMarketingExpenses": null,
            "grossProfit": null,
            "reconciledDepreciation": null,
            "ebit": null,
            "ebitda": null,
            "depreciationAndAmortization": null,
            "nonOperatingIncomeNetOther": null,
            "operatingIncome": null,
            "otherOperatingExpenses": null,
            "interestExpense": "3868000000.00",
            "taxProvision": null,
            "interestIncome": null,
            "netInterestIncome": null,
            "extraordinaryItems": null,
            "nonRecurring": null,
            "otherItems": null,
            "incomeTaxExpense": "813000000.00",
            "totalRevenue": "11062000000.00",
            "totalOperatingExpenses": null,
            "costOfRevenue": null,
            "totalOtherIncomeExpenseNet": null,
            "discontinuedOperations": null,
            "netIncomeFromContinuingOps": null,
            "netIncomeApplicableToCommonShares": null,
            "preferredStockAndOtherAdjustments": null
        },
        "2005-03-31": {
            "date": "2005-03-31",
            "filing_date": null,
            "currency_symbol": "NOK",
            "researchDevelopment": null,
            "effectOfAccountingCharges": null,
            "incomeBeforeTax": "2633000000.00",
            "minorityInterest": null,
            "netIncome": null,
            "sellingGeneralAdministrative": null,
            "sellingAndMarketingExpenses": null,
            "grossProfit": null,
            "reconciledDepreciation": null,
            "ebit": null,
            "ebitda": null,
            "depreciationAndAmortization": null,
            "nonOperatingIncomeNetOther": null,
            "operatingIncome": null,
            "otherOperatingExpenses": null,
            "interestExpense": "3707000000.00",
            "taxProvision": null,
            "interestIncome": null,
            "netInterestIncome": null,
            "extraordinaryItems": null,
            "nonRecurring": null,
            "otherItems": null,
            "incomeTaxExpense": "659000000.00",
            "totalRevenue": "10266000000.00",
            "totalOperatingExpenses": null,
            "costOfRevenue": null,
            "totalOtherIncomeExpenseNet": null,
            "discontinuedOperations": null,
            "netIncomeFromContinuingOps": null,
            "netIncomeApplicableToCommonShares": null,
            "preferredStockAndOtherAdjustments": null
        },
        "2004-12-31": {
            "date": "2004-12-31",
            "filing_date": null,
            "currency_symbol": "NOK",
            "researchDevelopment": null,
            "effectOfAccountingCharges": null,
            "incomeBeforeTax": "2772000000.00",
            "minorityInterest": null,
            "netIncome": null,
            "sellingGeneralAdministrative": null,
            "sellingAndMarketingExpenses": null,
            "grossProfit": null,
            "reconciledDepreciation": null,
            "ebit": null,
            "ebitda": null,
            "depreciationAndAmortization": null,
            "nonOperatingIncomeNetOther": null,
            "operatingIncome": null,
            "otherOperatingExpenses": null,
            "interestExpense": "3748000000.00",
            "taxProvision": null,
            "interestIncome": null,
            "netInterestIncome": null,
            "extraordinaryItems": null,
            "nonRecurring": null,
            "otherItems": null,
            "incomeTaxExpense": "469000000.00",
            "totalRevenue": "12475000000.00",
            "totalOperatingExpenses": null,
            "costOfRevenue": null,
            "totalOtherIncomeExpenseNet": null,
            "discontinuedOperations": null,
            "netIncomeFromContinuingOps": null,
            "netIncomeApplicableToCommonShares": null,
            "preferredStockAndOtherAdjustments": null
        },
        "2004-09-30": {
            "date": "2004-09-30",
            "filing_date": null,
            "currency_symbol": "NOK",
            "researchDevelopment": null,
            "effectOfAccountingCharges": null,
            "incomeBeforeTax": "2498000000.00",
            "minorityInterest": null,
            "netIncome": null,
            "sellingGeneralAdministrative": null,
            "sellingAndMarketingExpenses": null,
            "grossProfit": null,
            "reconciledDepreciation": null,
            "ebit": null,
            "ebitda": null,
            "depreciationAndAmortization": null,
            "nonOperatingIncomeNetOther": null,
            "operatingIncome": null,
            "otherOperatingExpenses": null,
            "interestExpense": "3751000000.00",
            "taxProvision": null,
            "interestIncome": null,
            "netInterestIncome": null,
            "extraordinaryItems": null,
            "nonRecurring": null,
            "otherItems": null,
            "incomeTaxExpense": "675000000.00",
            "totalRevenue": "9143000000.00",
            "totalOperatingExpenses": null,
            "costOfRevenue": null,
            "totalOtherIncomeExpenseNet": null,
            "discontinuedOperations": null,
            "netIncomeFromContinuingOps": null,
            "netIncomeApplicableToCommonShares": null,
            "preferredStockAndOtherAdjustments": null
        },
        "2004-06-30": {
            "date": "2004-06-30",
            "filing_date": null,
            "currency_symbol": "NOK",
            "researchDevelopment": null,
            "effectOfAccountingCharges": null,
            "incomeBeforeTax": "2390000000.00",
            "minorityInterest": null,
            "netIncome": null,
            "sellingGeneralAdministrative": null,
            "sellingAndMarketingExpenses": null,
            "grossProfit": null,
            "reconciledDepreciation": null,
            "ebit": null,
            "ebitda": null,
            "depreciationAndAmortization": null,
            "nonOperatingIncomeNetOther": null,
            "operatingIncome": null,
            "otherOperatingExpenses": null,
            "interestExpense": "3702000000.00",
            "taxProvision": null,
            "interestIncome": null,
            "netInterestIncome": null,
            "extraordinaryItems": null,
            "nonRecurring": null,
            "otherItems": null,
            "incomeTaxExpense": "645000000.00",
            "totalRevenue": "8503000000.00",
            "totalOperatingExpenses": null,
            "costOfRevenue": null,
            "totalOtherIncomeExpenseNet": null,
            "discontinuedOperations": null,
            "netIncomeFromContinuingOps": null,
            "netIncomeApplicableToCommonShares": null,
            "preferredStockAndOtherAdjustments": null
        },
        "2004-03-31": {
            "date": "2004-03-31",
            "filing_date": null,
            "currency_symbol": "NOK",
            "researchDevelopment": null,
            "effectOfAccountingCharges": null,
            "incomeBeforeTax": "2078000000.00",
            "minorityInterest": null,
            "netIncome": null,
            "sellingGeneralAdministrative": null,
            "sellingAndMarketingExpenses": null,
            "grossProfit": null,
            "reconciledDepreciation": null,
            "ebit": null,
            "ebitda": null,
            "depreciationAndAmortization": null,
            "nonOperatingIncomeNetOther": null,
            "operatingIncome": null,
            "otherOperatingExpenses": null,
            "interestExpense": "4164000000.00",
            "taxProvision": null,
            "interestIncome": null,
            "netInterestIncome": null,
            "extraordinaryItems": null,
            "nonRecurring": null,
            "otherItems": null,
            "incomeTaxExpense": "561000000.00",
            "totalRevenue": "10872000000.00",
            "totalOperatingExpenses": null,
            "costOfRevenue": null,
            "totalOtherIncomeExpenseNet": null,
            "discontinuedOperations": null,
            "netIncomeFromContinuingOps": null,
            "netIncomeApplicableToCommonShares": null,
            "preferredStockAndOtherAdjustments": null
        }
    },
    "yearly": {
        "2024-12-31": {
            "date": "2024-12-31",
            "filing_date": null,
            "currency_symbol": "NOK",
            "researchDevelopment": null,
            "effectOfAccountingCharges": null,
            "incomeBeforeTax": "54878000000.00",
            "minorityInterest": "-33000000.00",
            "netIncome": "43870000000.00",
            "sellingGeneralAdministrative": "913000000.00",
            "sellingAndMarketingExpenses": null,
            "grossProfit": null,
            "reconciledDepreciation": "3619000000.00",
            "ebit": null,
            "ebitda": null,
            "depreciationAndAmortization": null,
            "nonOperatingIncomeNetOther": null,
            "operatingIncome": null,
            "otherOperatingExpenses": null,
            "interestExpense": "129364000000.00",
            "taxProvision": "9074000000.00",
            "interestIncome": "193555000000.00",
            "netInterestIncome": "64191000000.00",
            "extraordinaryItems": "0.00",
            "nonRecurring": null,
            "otherItems": null,
            "incomeTaxExpense": null,
            "totalRevenue": "84820000000.00",
            "totalOperatingExpenses": null,
            "costOfRevenue": null,
            "totalOtherIncomeExpenseNet": null,
            "discontinuedOperations": null,
            "netIncomeFromContinuingOps": "45804000000.00",
            "netIncomeApplicableToCommonShares": "43870000000.00",
            "preferredStockAndOtherAdjustments": null
        },
        "2023-12-31": {
            "date": "2023-12-31",
            "filing_date": "2023-12-31",
            "currency_symbol": "NOK",
            "researchDevelopment": null,
            "effectOfAccountingCharges": null,
            "incomeBeforeTax": "50440000000.00",
            "minorityInterest": "-2000000.00",
            "netIncome": "39478000000.00",
            "sellingGeneralAdministrative": "16353000000.00",
            "sellingAndMarketingExpenses": "916000000.00",
            "grossProfit": "81247000000.00",
            "reconciledDepreciation": "3794000000.00",
            "ebit": "50470000000.00",
            "ebitda": "54083000000.00",
            "depreciationAndAmortization": "3613000000.00",
            "nonOperatingIncomeNetOther": null,
            "operatingIncome": "50289000000.00",
            "otherOperatingExpenses": "134423000000.00",
            "interestExpense": "99097000000.00",
            "taxProvision": "10811000000.00",
            "interestIncome": "160645000000.00",
            "netInterestIncome": "61548000000.00",
            "extraordinaryItems": "-149000000.00",
            "nonRecurring": null,
            "otherItems": null,
            "incomeTaxExpense": "10811000000.00",
            "totalRevenue": "81247000000.00",
            "totalOperatingExpenses": "11698000000.00",
            "costOfRevenue": null,
            "totalOtherIncomeExpenseNet": "151000000.00",
            "discontinuedOperations": null,
            "netIncomeFromContinuingOps": "39629000000.00",
            "netIncomeApplicableToCommonShares": "38166000000.00",
            "preferredStockAndOtherAdjustments": null
        },
        "2022-12-31": {
            "date": "2022-12-31",
            "filing_date": "2022-12-31",
            "currency_symbol": "NOK",
            "researchDevelopment": null,
            "effectOfAccountingCharges": null,
            "incomeBeforeTax": "39854000000.00",
            "minorityInterest": "-82000000.00",
            "netIncome": "33356000000.00",
            "sellingGeneralAdministrative": "14929000000.00",
            "sellingAndMarketingExpenses": "841000000.00",
            "grossProfit": "65498000000.00",
            "reconciledDepreciation": "3531000000.00",
            "ebit": "71825000000.00",
            "ebitda": "75280000000.00",
            "depreciationAndAmortization": "3455000000.00",
            "nonOperatingIncomeNetOther": null,
            "operatingIncome": "71749000000.00",
            "otherOperatingExpenses": "6251000000.00",
            "interestExpense": "31699000000.00",
            "taxProvision": "7411000000.00",
            "interestIncome": "79992000000.00",
            "netInterestIncome": "48293000000.00",
            "extraordinaryItems": "270000000.00",
            "nonRecurring": null,
            "otherItems": null,
            "incomeTaxExpense": "7262000000.00",
            "totalRevenue": "65498000000.00",
            "totalOperatingExpenses": "6251000000.00",
            "costOfRevenue": null,
            "totalOtherIncomeExpenseNet": "-31895000000.00",
            "discontinuedOperations": "270000000.00",
            "netIncomeFromContinuingOps": "32592000000.00",
            "netIncomeApplicableToCommonShares": "32010000000.00",
            "preferredStockAndOtherAdjustments": null
        },
        "2021-12-31": {
            "date": "2021-12-31",
            "filing_date": "2021-12-31",
            "currency_symbol": "NOK",
            "researchDevelopment": null,
            "effectOfAccountingCharges": null,
            "incomeBeforeTax": "32667000000.00",
            "minorityInterest": "-26000000.00",
            "netIncome": "25329000000.00",
            "sellingGeneralAdministrative": "13737000000.00",
            "sellingAndMarketingExpenses": "675000000.00",
            "grossProfit": "55390000000.00",
            "reconciledDepreciation": "3363000000.00",
            "ebit": "32789000000.00",
            "ebitda": "36152000000.00",
            "depreciationAndAmortization": "3363000000.00",
            "nonOperatingIncomeNetOther": null,
            "operatingIncome": "32791000000.00",
            "otherOperatingExpenses": "22599000000.00",
            "interestExpense": "8198000000.00",
            "taxProvision": "7462000000.00",
            "interestIncome": "46887000000.00",
            "netInterestIncome": "38690000000.00",
            "extraordinaryItems": "150000000.00",
            "nonRecurring": null,
            "otherItems": null,
            "incomeTaxExpense": "7462000000.00",
            "totalRevenue": "55390000000.00",
            "totalOperatingExpenses": "-22599000000.00",
            "costOfRevenue": null,
            "totalOtherIncomeExpenseNet": "-124000000.00",
            "discontinuedOperations": "150000000.00",
            "netIncomeFromContinuingOps": "25205000000.00",
            "netIncomeApplicableToCommonShares": "24407000000.00",
            "preferredStockAndOtherAdjustments": null
        },
        "2020-12-31": {
            "date": "2020-12-31",
            "filing_date": "2020-12-31",
            "currency_symbol": "NOK",
            "researchDevelopment": null,
            "effectOfAccountingCharges": null,
            "incomeBeforeTax": "23847000000.00",
            "minorityInterest": "119000000.00",
            "netIncome": "19854000000.00",
            "sellingGeneralAdministrative": "12835000000.00",
            "sellingAndMarketingExpenses": "693000000.00",
            "grossProfit": "55997000000.00",
            "reconciledDepreciation": "3327000000.00",
            "ebit": "24097000000.00",
            "ebitda": "27410000000.00",
            "depreciationAndAmortization": "3313000000.00",
            "nonOperatingIncomeNetOther": null,
            "operatingIncome": "24083000000.00",
            "otherOperatingExpenses": "23329000000.00",
            "interestExpense": "16673000000.00",
            "taxProvision": "4229000000.00",
            "interestIncome": "55296000000.00",
            "netInterestIncome": "38623000000.00",
            "extraordinaryItems": "221000000.00",
            "nonRecurring": null,
            "otherItems": null,
            "incomeTaxExpense": "4229000000.00",
            "totalRevenue": "55997000000.00",
            "totalOperatingExpenses": "23329000000.00",
            "costOfRevenue": null,
            "totalOtherIncomeExpenseNet": "-236000000.00",
            "discontinuedOperations": "221000000.00",
            "netIncomeFromContinuingOps": "19618000000.00",
            "netIncomeApplicableToCommonShares": "18711000000.00",
            "preferredStockAndOtherAdjustments": null
        },
        "2019-12-31": {
            "date": "2019-12-31",
            "filing_date": "2019-12-31",
            "currency_symbol": "NOK",
            "researchDevelopment": null,
            "effectOfAccountingCharges": null,
            "incomeBeforeTax": "31235000000.00",
            "minorityInterest": "45000000.00",
            "netIncome": "25726000000.00",
            "sellingGeneralAdministrative": "12595000000.00",
            "sellingAndMarketingExpenses": "821000000.00",
            "grossProfit": "54446000000.00",
            "reconciledDepreciation": "2850000000.00",
            "ebit": "31190000000.00",
            "ebitda": "34041000000.00",
            "depreciationAndAmortization": "2851000000.00",
            "nonOperatingIncomeNetOther": null,
            "operatingIncome": "31191000000.00",
            "otherOperatingExpenses": "22856000000.00",
            "interestExpense": "26147000000.00",
            "taxProvision": "5465000000.00",
            "interestIncome": "65003000000.00",
            "netInterestIncome": "38856000000.00",
            "extraordinaryItems": "-49000000.00",
            "nonRecurring": null,
            "otherItems": null,
            "incomeTaxExpense": "5465000000.00",
            "totalRevenue": "54446000000.00",
            "totalOperatingExpenses": "22856000000.00",
            "costOfRevenue": null,
            "totalOtherIncomeExpenseNet": "44000000.00",
            "discontinuedOperations": "-49000000.00",
            "netIncomeFromContinuingOps": "25770000000.00",
            "netIncomeApplicableToCommonShares": "24603000000.00",
            "preferredStockAndOtherAdjustments": null
        },
        "2018-12-31": {
            "date": "2018-12-31",
            "filing_date": "2018-12-31",
            "currency_symbol": "NOK",
            "researchDevelopment": null,
            "effectOfAccountingCharges": null,
            "incomeBeforeTax": "28979000000.00",
            "minorityInterest": "45000000.00",
            "netIncome": "24282000000.00",
            "sellingGeneralAdministrative": "12707000000.00",
            "sellingAndMarketingExpenses": "749000000.00",
            "grossProfit": "50053000000.00",
            "reconciledDepreciation": "2023000000.00",
            "ebit": "52425000000.00",
            "ebitda": "54448000000.00",
            "depreciationAndAmortization": "2023000000.00",
            "nonOperatingIncomeNetOther": null,
            "operatingIncome": "52425000000.00",
            "otherOperatingExpenses": "21554000000.00",
            "interestExpense": "23650000000.00",
            "taxProvision": "4493000000.00",
            "interestIncome": "60195000000.00",
            "netInterestIncome": "36545000000.00",
            "extraordinaryItems": "-204000000.00",
            "nonRecurring": null,
            "otherItems": null,
            "incomeTaxExpense": "4493000000.00",
            "totalRevenue": "50053000000.00",
            "totalOperatingExpenses": "21554000000.00",
            "costOfRevenue": "0.00",
            "totalOtherIncomeExpenseNet": "-23446000000.00",
            "discontinuedOperations": "-204000000.00",
            "netIncomeFromContinuingOps": "24486000000.00",
            "netIncomeApplicableToCommonShares": "23323000000.00",
            "preferredStockAndOtherAdjustments": null
        },
        "2017-12-31": {
            "date": "2017-12-31",
            "filing_date": "2017-12-31",
            "currency_symbol": "NOK",
            "researchDevelopment": null,
            "effectOfAccountingCharges": null,
            "incomeBeforeTax": "26858000000.00",
            "minorityInterest": "45000000.00",
            "netIncome": "21803000000.00",
            "sellingGeneralAdministrative": "12828000000.00",
            "sellingAndMarketingExpenses": "810000000.00",
            "grossProfit": "51255000000.00",
            "reconciledDepreciation": "1911000000.00",
            "ebit": "45300000000.00",
            "ebitda": "47210000000.00",
            "depreciationAndAmortization": "1910000000.00",
            "nonOperatingIncomeNetOther": null,
            "operatingIncome": "45299000000.00",
            "otherOperatingExpenses": "21583000000.00",
            "interestExpense": "18442000000.00",
            "taxProvision": "5054000000.00",
            "interestIncome": "57335000000.00",
            "netInterestIncome": "35123000000.00",
            "extraordinaryItems": "-1000000.00",
            "nonRecurring": null,
            "otherItems": null,
            "incomeTaxExpense": "5054000000.00",
            "totalRevenue": "51255000000.00",
            "totalOperatingExpenses": "21583000000.00",
            "costOfRevenue": "0.00",
            "totalOtherIncomeExpenseNet": "-18441000000.00",
            "discontinuedOperations": "-1000000.00",
            "netIncomeFromContinuingOps": "21804000000.00",
            "netIncomeApplicableToCommonShares": "20865000000.00",
            "preferredStockAndOtherAdjustments": null
        },
        "2016-12-31": {
            "date": "2016-12-31",
            "filing_date": "2016-12-31",
            "currency_symbol": "NOK",
            "researchDevelopment": null,
            "effectOfAccountingCharges": null,
            "incomeBeforeTax": "23387000000.00",
            "minorityInterest": "45000000.00",
            "netIncome": "19251000000.00",
            "sellingGeneralAdministrative": "12173000000.00",
            "sellingAndMarketingExpenses": "815000000.00",
            "grossProfit": "50975000000.00",
            "reconciledDepreciation": null,
            "ebit": "41706000000.00",
            "ebitda": "43710000000.00",
            "depreciationAndAmortization": "2004000000.00",
            "nonOperatingIncomeNetOther": null,
            "operatingIncome": "23388000000.00",
            "otherOperatingExpenses": "20440000000.00",
            "interestExpense": "18315000000.00",
            "taxProvision": "4140000000.00",
            "interestIncome": "55851000000.00",
            "netInterestIncome": "33816000000.00",
            "extraordinaryItems": "4000000.00",
            "nonRecurring": null,
            "otherItems": null,
            "incomeTaxExpense": "4140000000.00",
            "totalRevenue": "50975000000.00",
            "totalOperatingExpenses": "20440000000.00",
            "costOfRevenue": "0.00",
            "totalOtherIncomeExpenseNet": "-1000000.00",
            "discontinuedOperations": "4000000.00",
            "netIncomeFromContinuingOps": "19247000000.00",
            "netIncomeApplicableToCommonShares": "18656000000.00",
            "preferredStockAndOtherAdjustments": null
        },
        "2015-12-31": {
            "date": "2015-12-31",
            "filing_date": "2015-12-31",
            "currency_symbol": "NOK",
            "researchDevelopment": null,
            "effectOfAccountingCharges": null,
            "incomeBeforeTax": "31858000000.00",
            "minorityInterest": null,
            "netIncome": "24762000000.00",
            "sellingGeneralAdministrative": "10296000000.00",
            "sellingAndMarketingExpenses": "859000000.00",
            "grossProfit": "54065000000.00",
            "reconciledDepreciation": null,
            "ebit": "53980000000.00",
            "ebitda": "56054000000.00",
            "depreciationAndAmortization": "2074000000.00",
            "nonOperatingIncomeNetOther": null,
            "operatingIncome": "31858000000.00",
            "otherOperatingExpenses": "19290000000.00",
            "interestExpense": "22173000000.00",
            "taxProvision": null,
            "interestIncome": null,
            "netInterestIncome": null,
            "extraordinaryItems": null,
            "nonRecurring": null,
            "otherItems": null,
            "incomeTaxExpense": "7045000000.00",
            "totalRevenue": "54065000000.00",
            "totalOperatingExpenses": "19290000000.00",
            "costOfRevenue": "0.00",
            "totalOtherIncomeExpenseNet": "1355000000.00",
            "discontinuedOperations": "-51000000.00",
            "netIncomeFromContinuingOps": "24823000000.00",
            "netIncomeApplicableToCommonShares": "24388000000.00",
            "preferredStockAndOtherAdjustments": null
        },
        "2014-12-31": {
            "date": "2014-12-31",
            "filing_date": "2014-12-31",
            "currency_symbol": "NOK",
            "researchDevelopment": null,
            "effectOfAccountingCharges": null,
            "incomeBeforeTax": "27102000000.00",
            "minorityInterest": null,
            "netIncome": "20617000000.00",
            "sellingGeneralAdministrative": "11611000000.00",
            "sellingAndMarketingExpenses": "863000000.00",
            "grossProfit": "49136000000.00",
            "reconciledDepreciation": null,
            "ebit": "56039000000.00",
            "ebitda": "58088000000.00",
            "depreciationAndAmortization": "2049000000.00",
            "nonOperatingIncomeNetOther": null,
            "operatingIncome": "27100000000.00",
            "otherOperatingExpenses": "22287000000.00",
            "interestExpense": "28959000000.00",
            "taxProvision": null,
            "interestIncome": null,
            "netInterestIncome": null,
            "extraordinaryItems": null,
            "nonRecurring": null,
            "otherItems": null,
            "incomeTaxExpense": "6463000000.00",
            "totalRevenue": "49136000000.00",
            "totalOperatingExpenses": "22287000000.00",
            "costOfRevenue": "0.00",
            "totalOtherIncomeExpenseNet": "2000000.00",
            "discontinuedOperations": "-22000000.00",
            "netIncomeFromContinuingOps": "20639000000.00",
            "netIncomeApplicableToCommonShares": "20639000000.00",
            "preferredStockAndOtherAdjustments": null
        },
        "2013-12-31": {
            "date": "2013-12-31",
            "filing_date": "2013-12-31",
            "currency_symbol": "NOK",
            "researchDevelopment": null,
            "effectOfAccountingCharges": null,
            "incomeBeforeTax": "22709000000.00",
            "minorityInterest": null,
            "netIncome": "17526000000.00",
            "sellingGeneralAdministrative": "17456000000.00",
            "sellingAndMarketingExpenses": "847000000.00",
            "grossProfit": "66350000000.00",
            "reconciledDepreciation": null,
            "ebit": "52926000000.00",
            "ebitda": "54897000000.00",
            "depreciationAndAmortization": "1971000000.00",
            "nonOperatingIncomeNetOther": null,
            "operatingIncome": "22708000000.00",
            "otherOperatingExpenses": "39988000000.00",
            "interestExpense": "30212000000.00",
            "taxProvision": null,
            "interestIncome": null,
            "netInterestIncome": null,
            "extraordinaryItems": "4000000.00",
            "nonRecurring": null,
            "otherItems": null,
            "incomeTaxExpense": "5188000000.00",
            "totalRevenue": "66350000000.00",
            "totalOperatingExpenses": "39988000000.00",
            "costOfRevenue": null,
            "totalOtherIncomeExpenseNet": "1000000.00",
            "discontinuedOperations": null,
            "netIncomeFromContinuingOps": null,
            "netIncomeApplicableToCommonShares": "17522000000.00",
            "preferredStockAndOtherAdjustments": null
        },
        "2012-12-31": {
            "date": "2012-12-31",
            "filing_date": "2012-12-31",
            "currency_symbol": "NOK",
            "researchDevelopment": null,
            "effectOfAccountingCharges": null,
            "incomeBeforeTax": "17589000000.00",
            "minorityInterest": null,
            "netIncome": "13657000000.00",
            "sellingGeneralAdministrative": "18521000000.00",
            "sellingAndMarketingExpenses": "904000000.00",
            "grossProfit": "60460000000.00",
            "reconciledDepreciation": null,
            "ebit": "53537000000.00",
            "ebitda": "55339000000.00",
            "depreciationAndAmortization": "1802000000.00",
            "nonOperatingIncomeNetOther": null,
            "operatingIncome": "20769000000.00",
            "otherOperatingExpenses": "41678000000.00",
            "interestExpense": "35852000000.00",
            "taxProvision": null,
            "interestIncome": null,
            "netInterestIncome": null,
            "extraordinaryItems": "96000000.00",
            "nonRecurring": null,
            "otherItems": null,
            "incomeTaxExpense": "4028000000.00",
            "totalRevenue": "60460000000.00",
            "totalOperatingExpenses": "41678000000.00",
            "costOfRevenue": null,
            "totalOtherIncomeExpenseNet": "-3180000000.00",
            "discontinuedOperations": null,
            "netIncomeFromContinuingOps": null,
            "netIncomeApplicableToCommonShares": "13561000000.00",
            "preferredStockAndOtherAdjustments": null
        },
        "2011-12-31": {
            "date": "2011-12-31",
            "filing_date": "2011-12-31",
            "currency_symbol": "NOK",
            "researchDevelopment": null,
            "effectOfAccountingCharges": null,
            "incomeBeforeTax": "18407000000.00",
            "minorityInterest": null,
            "netIncome": "12979000000.00",
            "sellingGeneralAdministrative": "17116000000.00",
            "sellingAndMarketingExpenses": "949000000.00",
            "grossProfit": "53401000000.00",
            "reconciledDepreciation": null,
            "ebit": "53225000000.00",
            "ebitda": "53883000000.00",
            "depreciationAndAmortization": "658000000.00",
            "nonOperatingIncomeNetOther": null,
            "operatingIncome": "53225000000.00",
            "otherOperatingExpenses": "40888000000.00",
            "interestExpense": "34823000000.00",
            "taxProvision": null,
            "interestIncome": null,
            "netInterestIncome": null,
            "extraordinaryItems": null,
            "nonRecurring": null,
            "otherItems": null,
            "incomeTaxExpense": "5423000000.00",
            "totalRevenue": "53401000000.00",
            "totalOperatingExpenses": "40888000000.00",
            "costOfRevenue": null,
            "totalOtherIncomeExpenseNet": "-34818000000.00",
            "discontinuedOperations": null,
            "netIncomeFromContinuingOps": null,
            "netIncomeApplicableToCommonShares": "12984000000.00",
            "preferredStockAndOtherAdjustments": null
        },
        "2010-12-31": {
            "date": "2010-12-31",
            "filing_date": "2010-12-31",
            "currency_symbol": "NOK",
            "researchDevelopment": null,
            "effectOfAccountingCharges": null,
            "incomeBeforeTax": "18108000000.00",
            "minorityInterest": null,
            "netIncome": "14814000000.00",
            "sellingGeneralAdministrative": "16232000000.00",
            "sellingAndMarketingExpenses": "812000000.00",
            "grossProfit": "58805000000.00",
            "reconciledDepreciation": null,
            "ebit": "52408000000.00",
            "ebitda": "53048000000.00",
            "depreciationAndAmortization": "640000000.00",
            "nonOperatingIncomeNetOther": null,
            "operatingIncome": "18109000000.00",
            "otherOperatingExpenses": "36095000000.00",
            "interestExpense": "33473000000.00",
            "taxProvision": null,
            "interestIncome": null,
            "netInterestIncome": null,
            "extraordinaryItems": "75000000.00",
            "nonRecurring": null,
            "otherItems": null,
            "incomeTaxExpense": "4121000000.00",
            "totalRevenue": "58805000000.00",
            "totalOperatingExpenses": "36095000000.00",
            "costOfRevenue": null,
            "totalOtherIncomeExpenseNet": "-1000000.00",
            "discontinuedOperations": null,
            "netIncomeFromContinuingOps": null,
            "netIncomeApplicableToCommonShares": "14739000000.00",
            "preferredStockAndOtherAdjustments": null
        },
        "2009-12-31": {
            "date": "2009-12-31",
            "filing_date": "2009-12-31",
            "currency_symbol": "NOK",
            "researchDevelopment": null,
            "effectOfAccountingCharges": null,
            "incomeBeforeTax": "11032000000.00",
            "minorityInterest": null,
            "netIncome": "8585000000.00",
            "sellingGeneralAdministrative": "16098000000.00",
            "sellingAndMarketingExpenses": "572000000.00",
            "grossProfit": "55397000000.00",
            "reconciledDepreciation": null,
            "ebit": "48402000000.00",
            "ebitda": "49881000000.00",
            "depreciationAndAmortization": "1479000000.00",
            "nonOperatingIncomeNetOther": null,
            "operatingIncome": "11032000000.00",
            "otherOperatingExpenses": "35451000000.00",
            "interestExpense": "35731000000.00",
            "taxProvision": null,
            "interestIncome": null,
            "netInterestIncome": null,
            "extraordinaryItems": "80000000.00",
            "nonRecurring": null,
            "otherItems": null,
            "incomeTaxExpense": "4086000000.00",
            "totalRevenue": "55397000000.00",
            "totalOperatingExpenses": "35451000000.00",
            "costOfRevenue": null,
            "totalOtherIncomeExpenseNet": null,
            "discontinuedOperations": null,
            "netIncomeFromContinuingOps": null,
            "netIncomeApplicableToCommonShares": "8505000000.00",
            "preferredStockAndOtherAdjustments": null
        },
        "2008-12-31": {
            "date": "2008-12-31",
            "filing_date": "2008-12-31",
            "currency_symbol": "NOK",
            "researchDevelopment": null,
            "effectOfAccountingCharges": null,
            "incomeBeforeTax": "12170000000.00",
            "minorityInterest": null,
            "netIncome": "9211000000.00",
            "sellingGeneralAdministrative": "14851000000.00",
            "sellingAndMarketingExpenses": "725000000.00",
            "grossProfit": "37092000000.00",
            "reconciledDepreciation": null,
            "ebit": "72508000000.00",
            "ebitda": "74725000000.00",
            "depreciationAndAmortization": "2217000000.00",
            "nonOperatingIncomeNetOther": null,
            "operatingIncome": "15627000000.00",
            "otherOperatingExpenses": "21898000000.00",
            "interestExpense": "60045000000.00",
            "taxProvision": null,
            "interestIncome": null,
            "netInterestIncome": null,
            "extraordinaryItems": null,
            "nonRecurring": null,
            "otherItems": null,
            "incomeTaxExpense": "3252000000.00",
            "totalRevenue": "37092000000.00",
            "totalOperatingExpenses": "21898000000.00",
            "costOfRevenue": null,
            "totalOtherIncomeExpenseNet": "-3457000000.00",
            "discontinuedOperations": null,
            "netIncomeFromContinuingOps": null,
            "netIncomeApplicableToCommonShares": "9211000000.00",
            "preferredStockAndOtherAdjustments": null
        },
        "2007-12-31": {
            "date": "2007-12-31",
            "filing_date": "2007-12-31",
            "currency_symbol": "NOK",
            "researchDevelopment": null,
            "effectOfAccountingCharges": null,
            "incomeBeforeTax": "17409000000.00",
            "minorityInterest": "242000000.00",
            "netIncome": "14780000000.00",
            "sellingGeneralAdministrative": "18355000000.00",
            "sellingAndMarketingExpenses": "662000000.00",
            "grossProfit": "57497000000.00",
            "reconciledDepreciation": null,
            "ebit": "61048000000.00",
            "ebitda": "62080000000.00",
            "depreciationAndAmortization": "1032000000.00",
            "nonOperatingIncomeNetOther": null,
            "operatingIncome": "15148000000.00",
            "otherOperatingExpenses": "42225000000.00",
            "interestExpense": "43881000000.00",
            "taxProvision": null,
            "interestIncome": null,
            "netInterestIncome": null,
            "extraordinaryItems": null,
            "nonRecurring": null,
            "otherItems": null,
            "incomeTaxExpense": "2387000000.00",
            "totalRevenue": "57497000000.00",
            "totalOperatingExpenses": "42225000000.00",
            "costOfRevenue": null,
            "totalOtherIncomeExpenseNet": "2261000000.00",
            "discontinuedOperations": null,
            "netIncomeFromContinuingOps": null,
            "netIncomeApplicableToCommonShares": "14780000000.00",
            "preferredStockAndOtherAdjustments": null
        },
        "2006-12-31": {
            "date": "2006-12-31",
            "filing_date": "2006-12-31",
            "currency_symbol": "NOK",
            "researchDevelopment": null,
            "effectOfAccountingCharges": null,
            "incomeBeforeTax": "14689000000.00",
            "minorityInterest": "143000000.00",
            "netIncome": "11665000000.00",
            "sellingGeneralAdministrative": "12555000000.00",
            "sellingAndMarketingExpenses": "599000000.00",
            "grossProfit": "47226000000.00",
            "reconciledDepreciation": null,
            "ebit": "41639000000.00",
            "ebitda": "42326000000.00",
            "depreciationAndAmortization": "687000000.00",
            "nonOperatingIncomeNetOther": null,
            "operatingIncome": "14066000000.00",
            "otherOperatingExpenses": "33233000000.00",
            "interestExpense": "27093000000.00",
            "taxProvision": null,
            "interestIncome": null,
            "netInterestIncome": null,
            "extraordinaryItems": null,
            "nonRecurring": null,
            "otherItems": null,
            "incomeTaxExpense": "2881000000.00",
            "totalRevenue": "47226000000.00",
            "totalOperatingExpenses": "33233000000.00",
            "costOfRevenue": null,
            "totalOtherIncomeExpenseNet": "623000000.00",
            "discontinuedOperations": null,
            "netIncomeFromContinuingOps": null,
            "netIncomeApplicableToCommonShares": "11665000000.00",
            "preferredStockAndOtherAdjustments": null
        },
        "2005-12-31": {
            "date": "2005-12-31",
            "filing_date": "2005-12-31",
            "currency_symbol": "NOK",
            "researchDevelopment": null,
            "effectOfAccountingCharges": null,
            "incomeBeforeTax": "13109000000.00",
            "minorityInterest": "13000000.00",
            "netIncome": "10144000000.00",
            "sellingGeneralAdministrative": null,
            "sellingAndMarketingExpenses": null,
            "grossProfit": "29933000000.00",
            "reconciledDepreciation": null,
            "ebit": "16936000000.00",
            "ebitda": "29472000000.00",
            "depreciationAndAmortization": "12536000000.00",
            "nonOperatingIncomeNetOther": null,
            "operatingIncome": "16936000000.00",
            "otherOperatingExpenses": "12864000000.00",
            "interestExpense": "16363000000.00",
            "taxProvision": null,
            "interestIncome": null,
            "netInterestIncome": null,
            "extraordinaryItems": null,
            "nonRecurring": null,
            "otherItems": null,
            "incomeTaxExpense": "2965000000.00",
            "totalRevenue": "29933000000.00",
            "totalOperatingExpenses": "12864000000.00",
            "costOfRevenue": null,
            "totalOtherIncomeExpenseNet": "-3827000000.00",
            "discontinuedOperations": null,
            "netIncomeFromContinuingOps": null,
            "netIncomeApplicableToCommonShares": "10131000000.00",
            "preferredStockAndOtherAdjustments": null
        },
        "2004-12-31": {
            "date": "2004-12-31",
            "filing_date": "2004-12-31",
            "currency_symbol": "NOK",
            "researchDevelopment": null,
            "effectOfAccountingCharges": null,
            "incomeBeforeTax": "9183000000.00",
            "minorityInterest": null,
            "netIncome": "6786000000.00",
            "sellingGeneralAdministrative": "3678000000.00",
            "sellingAndMarketingExpenses": null,
            "grossProfit": "23902000000.00",
            "reconciledDepreciation": null,
            "ebit": "24611000000.00",
            "ebitda": "25450000000.00",
            "depreciationAndAmortization": "839000000.00",
            "nonOperatingIncomeNetOther": null,
            "operatingIncome": "12311000000.00",
            "otherOperatingExpenses": "11591000000.00",
            "interestExpense": "15428000000.00",
            "taxProvision": null,
            "interestIncome": null,
            "netInterestIncome": null,
            "extraordinaryItems": null,
            "nonRecurring": null,
            "otherItems": null,
            "incomeTaxExpense": "2397000000.00",
            "totalRevenue": "23902000000.00",
            "totalOperatingExpenses": "11591000000.00",
            "costOfRevenue": null,
            "totalOtherIncomeExpenseNet": "-3128000000.00",
            "discontinuedOperations": null,
            "netIncomeFromContinuingOps": null,
            "netIncomeApplicableToCommonShares": "7388000000.00",
            "preferredStockAndOtherAdjustments": null
        },
        "2003-12-31": {
            "date": "2003-12-31",
            "filing_date": "2003-12-31",
            "currency_symbol": "NOK",
            "researchDevelopment": null,
            "effectOfAccountingCharges": null,
            "incomeBeforeTax": "3835000000.00",
            "minorityInterest": null,
            "netIncome": "3017000000.00",
            "sellingGeneralAdministrative": "7058000000.00",
            "sellingAndMarketingExpenses": null,
            "grossProfit": "10435000000.00",
            "reconciledDepreciation": null,
            "ebit": "18219000000.00",
            "ebitda": "18823000000.00",
            "depreciationAndAmortization": "604000000.00",
            "nonOperatingIncomeNetOther": null,
            "operatingIncome": "2773000000.00",
            "otherOperatingExpenses": "7662000000.00",
            "interestExpense": "14384000000.00",
            "taxProvision": null,
            "interestIncome": null,
            "netInterestIncome": null,
            "extraordinaryItems": null,
            "nonRecurring": null,
            "otherItems": null,
            "incomeTaxExpense": "818000000.00",
            "totalRevenue": "10435000000.00",
            "totalOperatingExpenses": "7662000000.00",
            "costOfRevenue": null,
            "totalOtherIncomeExpenseNet": "1062000000.00",
            "discontinuedOperations": null,
            "netIncomeFromContinuingOps": null,
            "netIncomeApplicableToCommonShares": "3017000000.00",
            "preferredStockAndOtherAdjustments": null
        },
        "2002-12-31": {
            "date": "2002-12-31",
            "filing_date": "2002-12-31",
            "currency_symbol": "NOK",
            "researchDevelopment": null,
            "effectOfAccountingCharges": null,
            "incomeBeforeTax": "3268000000.00",
            "minorityInterest": null,
            "netIncome": "2334000000.00",
            "sellingGeneralAdministrative": "6480000000.00",
            "sellingAndMarketingExpenses": null,
            "grossProfit": "9225000000.00",
            "reconciledDepreciation": null,
            "ebit": "19550000000.00",
            "ebitda": "20036000000.00",
            "depreciationAndAmortization": "486000000.00",
            "nonOperatingIncomeNetOther": null,
            "operatingIncome": "2259000000.00",
            "otherOperatingExpenses": "6966000000.00",
            "interestExpense": "16282000000.00",
            "taxProvision": null,
            "interestIncome": null,
            "netInterestIncome": null,
            "extraordinaryItems": null,
            "nonRecurring": null,
            "otherItems": null,
            "incomeTaxExpense": "934000000.00",
            "totalRevenue": "9225000000.00",
            "totalOperatingExpenses": "6966000000.00",
            "costOfRevenue": null,
            "totalOtherIncomeExpenseNet": "1009000000.00",
            "discontinuedOperations": null,
            "netIncomeFromContinuingOps": null,
            "netIncomeApplicableToCommonShares": "2334000000.00",
            "preferredStockAndOtherAdjustments": null
        },
        "2001-12-31": {
            "date": "2001-12-31",
            "filing_date": null,
            "currency_symbol": "NOK",
            "researchDevelopment": null,
            "effectOfAccountingCharges": null,
            "incomeBeforeTax": "4687000000.00",
            "minorityInterest": null,
            "netIncome": "4100000000.00",
            "sellingGeneralAdministrative": null,
            "sellingAndMarketingExpenses": null,
            "grossProfit": null,
            "reconciledDepreciation": null,
            "ebit": "9972000000.00",
            "ebitda": null,
            "depreciationAndAmortization": null,
            "nonOperatingIncomeNetOther": null,
            "operatingIncome": "9972000000.00",
            "otherOperatingExpenses": null,
            "interestExpense": "0.00",
            "taxProvision": null,
            "interestIncome": null,
            "netInterestIncome": null,
            "extraordinaryItems": null,
            "nonRecurring": null,
            "otherItems": null,
            "incomeTaxExpense": "587000000.00",
            "totalRevenue": "31216000000.00",
            "totalOperatingExpenses": null,
            "costOfRevenue": null,
            "totalOtherIncomeExpenseNet": null,
            "discontinuedOperations": null,
            "netIncomeFromContinuingOps": null,
            "netIncomeApplicableToCommonShares": "4100000000.00",
            "preferredStockAndOtherAdjustments": null
        },
        "2000-12-31": {
            "date": "2000-12-31",
            "filing_date": null,
            "currency_symbol": "NOK",
            "researchDevelopment": null,
            "effectOfAccountingCharges": null,
            "incomeBeforeTax": "5248000000.00",
            "minorityInterest": null,
            "netIncome": "4018000000.00",
            "sellingGeneralAdministrative": null,
            "sellingAndMarketingExpenses": null,
            "grossProfit": null,
            "reconciledDepreciation": null,
            "ebit": "10054000000.00",
            "ebitda": null,
            "depreciationAndAmortization": null,
            "nonOperatingIncomeNetOther": null,
            "operatingIncome": "10054000000.00",
            "otherOperatingExpenses": null,
            "interestExpense": "0.00",
            "taxProvision": null,
            "interestIncome": null,
            "netInterestIncome": null,
            "extraordinaryItems": null,
            "nonRecurring": null,
            "otherItems": null,
            "incomeTaxExpense": "1230000000.00",
            "totalRevenue": "29565000000.00",
            "totalOperatingExpenses": null,
            "costOfRevenue": null,
            "totalOtherIncomeExpenseNet": null,
            "discontinuedOperations": null,
            "netIncomeFromContinuingOps": null,
            "netIncomeApplicableToCommonShares": "4018000000.00",
            "preferredStockAndOtherAdjustments": null
        }
    }
}