{
    "currency_symbol": "CHF",
    "quarterly": {
        "2025-06-30": {
            "date": "2025-06-30",
            "filing_date": "2025-06-30",
            "currency_symbol": "CHF",
            "researchDevelopment": "786000000.00",
            "effectOfAccountingCharges": null,
            "incomeBeforeTax": "6769000000.00",
            "minorityInterest": null,
            "netIncome": "5065000000.00",
            "sellingGeneralAdministrative": "9043000000.00",
            "sellingAndMarketingExpenses": "3685000000.00",
            "grossProfit": "20801000000.00",
            "reconciledDepreciation": null,
            "ebit": "7137000000.00",
            "ebitda": "8936000000.00",
            "depreciationAndAmortization": "1799000000.00",
            "nonOperatingIncomeNetOther": null,
            "operatingIncome": "6824000000.00",
            "otherOperatingExpenses": "37586000000.00",
            "interestExpense": "929000000.00",
            "taxProvision": "1602000000.00",
            "interestIncome": "759000000.00",
            "netInterestIncome": null,
            "extraordinaryItems": null,
            "nonRecurring": null,
            "otherItems": null,
            "incomeTaxExpense": "1602000000.00",
            "totalRevenue": "44410000000.00",
            "totalOperatingExpenses": "13977000000.00",
            "costOfRevenue": "23609000000.00",
            "totalOtherIncomeExpenseNet": "-55000000.00",
            "discontinuedOperations": null,
            "netIncomeFromContinuingOps": null,
            "netIncomeApplicableToCommonShares": "5065000000.00",
            "preferredStockAndOtherAdjustments": null
        },
        "2024-12-31": {
            "date": "2024-12-31",
            "filing_date": "2024-12-31",
            "currency_symbol": "CHF",
            "researchDevelopment": "837000000.00",
            "effectOfAccountingCharges": null,
            "incomeBeforeTax": "6532000000.00",
            "minorityInterest": null,
            "netIncome": "5240000000.00",
            "sellingGeneralAdministrative": "8981000000.00",
            "sellingAndMarketingExpenses": "21890000000.00",
            "grossProfit": "21609000000.00",
            "reconciledDepreciation": null,
            "ebit": "7287000000.00",
            "ebitda": "9104000000.00",
            "depreciationAndAmortization": "1817000000.00",
            "nonOperatingIncomeNetOther": null,
            "operatingIncome": "7273000000.00",
            "otherOperatingExpenses": "39216000000.00",
            "interestExpense": "916000000.00",
            "taxProvision": "1637000000.00",
            "interestIncome": "741000000.00",
            "netInterestIncome": null,
            "extraordinaryItems": null,
            "nonRecurring": null,
            "otherItems": null,
            "incomeTaxExpense": "1637000000.00",
            "totalRevenue": "46489000000.00",
            "totalOperatingExpenses": "14336000000.00",
            "costOfRevenue": "24880000000.00",
            "totalOtherIncomeExpenseNet": "-237000000.00",
            "discontinuedOperations": null,
            "netIncomeFromContinuingOps": null,
            "netIncomeApplicableToCommonShares": "5240000000.00",
            "preferredStockAndOtherAdjustments": null
        },
        "2024-06-30": {
            "date": "2024-06-30",
            "filing_date": "2024-06-30",
            "currency_symbol": "CHF",
            "researchDevelopment": "830000000.00",
            "effectOfAccountingCharges": null,
            "incomeBeforeTax": "6707000000.00",
            "minorityInterest": null,
            "netIncome": "5644000000.00",
            "sellingGeneralAdministrative": "8981000000.00",
            "sellingAndMarketingExpenses": "3789000000.00",
            "grossProfit": "21441000000.00",
            "reconciledDepreciation": null,
            "ebit": "7793000000.00",
            "ebitda": "9558000000.00",
            "depreciationAndAmortization": "1765000000.00",
            "nonOperatingIncomeNetOther": null,
            "operatingIncome": "7451000000.00",
            "otherOperatingExpenses": "37780000000.00",
            "interestExpense": "925000000.00",
            "taxProvision": "1677000000.00",
            "interestIncome": "744000000.00",
            "netInterestIncome": null,
            "extraordinaryItems": null,
            "nonRecurring": null,
            "otherItems": null,
            "incomeTaxExpense": "1677000000.00",
            "totalRevenue": "45231000000.00",
            "totalOperatingExpenses": "13990000000.00",
            "costOfRevenue": "23790000000.00",
            "totalOtherIncomeExpenseNet": "-744000000.00",
            "discontinuedOperations": null,
            "netIncomeFromContinuingOps": null,
            "netIncomeApplicableToCommonShares": "5644000000.00",
            "preferredStockAndOtherAdjustments": null
        },
        "2023-12-31": {
            "date": "2023-12-31",
            "filing_date": "2023-12-31",
            "currency_symbol": "CHF",
            "researchDevelopment": "846000000.00",
            "effectOfAccountingCharges": null,
            "incomeBeforeTax": "6138000000.00",
            "minorityInterest": null,
            "netIncome": "5560000000.00",
            "sellingGeneralAdministrative": "8925000000.00",
            "sellingAndMarketingExpenses": "3799000000.00",
            "grossProfit": "21549000000.00",
            "reconciledDepreciation": null,
            "ebit": "6931000000.00",
            "ebitda": "8667000000.00",
            "depreciationAndAmortization": "1736000000.00",
            "nonOperatingIncomeNetOther": null,
            "operatingIncome": "8157000000.00",
            "otherOperatingExpenses": "38548000000.00",
            "interestExpense": "793000000.00",
            "taxProvision": null,
            "interestIncome": null,
            "netInterestIncome": null,
            "extraordinaryItems": null,
            "nonRecurring": null,
            "otherItems": null,
            "incomeTaxExpense": "785000000.00",
            "totalRevenue": "46705000000.00",
            "totalOperatingExpenses": "13392000000.00",
            "costOfRevenue": "25156000000.00",
            "totalOtherIncomeExpenseNet": "-2019000000.00",
            "discontinuedOperations": null,
            "netIncomeFromContinuingOps": null,
            "netIncomeApplicableToCommonShares": null,
            "preferredStockAndOtherAdjustments": null
        },
        "2023-06-30": {
            "date": "2023-06-30",
            "filing_date": "2023-06-30",
            "currency_symbol": "CHF",
            "researchDevelopment": "810000000.00",
            "effectOfAccountingCharges": null,
            "incomeBeforeTax": "6565000000.00",
            "minorityInterest": null,
            "netIncome": "5649000000.00",
            "sellingGeneralAdministrative": "8624000000.00",
            "sellingAndMarketingExpenses": "3966000000.00",
            "grossProfit": "21121000000.00",
            "reconciledDepreciation": null,
            "ebit": "7762000000.00",
            "ebitda": "9484000000.00",
            "depreciationAndAmortization": "1722000000.00",
            "nonOperatingIncomeNetOther": null,
            "operatingIncome": "7861000000.00",
            "otherOperatingExpenses": "38432000000.00",
            "interestExpense": "851000000.00",
            "taxProvision": "1529000000.00",
            "interestIncome": "697000000.00",
            "netInterestIncome": null,
            "extraordinaryItems": null,
            "nonRecurring": null,
            "otherItems": null,
            "incomeTaxExpense": "1529000000.00",
            "totalRevenue": "46293000000.00",
            "totalOperatingExpenses": "13260000000.00",
            "costOfRevenue": "25172000000.00",
            "totalOtherIncomeExpenseNet": "-1296000000.00",
            "discontinuedOperations": null,
            "netIncomeFromContinuingOps": null,
            "netIncomeApplicableToCommonShares": "5649000000.00",
            "preferredStockAndOtherAdjustments": null
        },
        "2022-12-31": {
            "date": "2022-12-31",
            "filing_date": "2022-12-31",
            "currency_symbol": "CHF",
            "researchDevelopment": "888000000.00",
            "effectOfAccountingCharges": null,
            "incomeBeforeTax": "5101000000.00",
            "minorityInterest": null,
            "netIncome": "4023000000.00",
            "sellingGeneralAdministrative": "8385000000.00",
            "sellingAndMarketingExpenses": "4217000000.00",
            "grossProfit": "21732000000.00",
            "reconciledDepreciation": null,
            "ebit": "5827000000.00",
            "ebitda": "7612000000.00",
            "depreciationAndAmortization": "1785000000.00",
            "nonOperatingIncomeNetOther": null,
            "operatingIncome": "8336000000.00",
            "otherOperatingExpenses": "40508000000.00",
            "interestExpense": "726000000.00",
            "taxProvision": "1231000000.00",
            "interestIncome": "606000000.00",
            "netInterestIncome": null,
            "extraordinaryItems": null,
            "nonRecurring": null,
            "otherItems": null,
            "incomeTaxExpense": "1231000000.00",
            "totalRevenue": "48844000000.00",
            "totalOperatingExpenses": "13396000000.00",
            "costOfRevenue": "27112000000.00",
            "totalOtherIncomeExpenseNet": "-3235000000.00",
            "discontinuedOperations": null,
            "netIncomeFromContinuingOps": null,
            "netIncomeApplicableToCommonShares": "2011500000.00",
            "preferredStockAndOtherAdjustments": null
        },
        "2022-09-30": {
            "date": "2022-09-30",
            "filing_date": null,
            "currency_symbol": "CHF",
            "researchDevelopment": null,
            "effectOfAccountingCharges": null,
            "incomeBeforeTax": null,
            "minorityInterest": null,
            "netIncome": null,
            "sellingGeneralAdministrative": null,
            "sellingAndMarketingExpenses": null,
            "grossProfit": null,
            "reconciledDepreciation": null,
            "ebit": "4062000000.00",
            "ebitda": null,
            "depreciationAndAmortization": null,
            "nonOperatingIncomeNetOther": null,
            "operatingIncome": null,
            "otherOperatingExpenses": "120500000.00",
            "interestExpense": null,
            "taxProvision": null,
            "interestIncome": null,
            "netInterestIncome": null,
            "extraordinaryItems": null,
            "nonRecurring": null,
            "otherItems": null,
            "incomeTaxExpense": "615500000.00",
            "totalRevenue": null,
            "totalOperatingExpenses": null,
            "costOfRevenue": null,
            "totalOtherIncomeExpenseNet": null,
            "discontinuedOperations": null,
            "netIncomeFromContinuingOps": null,
            "netIncomeApplicableToCommonShares": "2011500000.00",
            "preferredStockAndOtherAdjustments": null
        },
        "2022-06-30": {
            "date": "2022-06-30",
            "filing_date": "2022-06-30",
            "currency_symbol": "CHF",
            "researchDevelopment": "808000000.00",
            "effectOfAccountingCharges": null,
            "incomeBeforeTax": "6185000000.00",
            "minorityInterest": null,
            "netIncome": "5247000000.00",
            "sellingGeneralAdministrative": "8465000000.00",
            "sellingAndMarketingExpenses": "4169000000.00",
            "grossProfit": "20947000000.00",
            "reconciledDepreciation": null,
            "ebit": "7630000000.00",
            "ebitda": "9386000000.00",
            "depreciationAndAmortization": "1756000000.00",
            "nonOperatingIncomeNetOther": null,
            "operatingIncome": "7622000000.00",
            "otherOperatingExpenses": "37958000000.00",
            "interestExpense": "524000000.00",
            "taxProvision": "1499000000.00",
            "interestIncome": "434000000.00",
            "netInterestIncome": null,
            "extraordinaryItems": null,
            "nonRecurring": null,
            "otherItems": null,
            "incomeTaxExpense": "1499000000.00",
            "totalRevenue": "45580000000.00",
            "totalOperatingExpenses": "13325000000.00",
            "costOfRevenue": "24633000000.00",
            "totalOtherIncomeExpenseNet": "-1437000000.00",
            "discontinuedOperations": null,
            "netIncomeFromContinuingOps": null,
            "netIncomeApplicableToCommonShares": "2623500000.00",
            "preferredStockAndOtherAdjustments": null
        },
        "2022-03-31": {
            "date": "2022-03-31",
            "filing_date": null,
            "currency_symbol": "CHF",
            "researchDevelopment": null,
            "effectOfAccountingCharges": null,
            "incomeBeforeTax": null,
            "minorityInterest": null,
            "netIncome": null,
            "sellingGeneralAdministrative": null,
            "sellingAndMarketingExpenses": null,
            "grossProfit": null,
            "reconciledDepreciation": null,
            "ebit": "3815000000.00",
            "ebitda": null,
            "depreciationAndAmortization": null,
            "nonOperatingIncomeNetOther": null,
            "operatingIncome": null,
            "otherOperatingExpenses": "26500000.00",
            "interestExpense": null,
            "taxProvision": null,
            "interestIncome": null,
            "netInterestIncome": null,
            "extraordinaryItems": null,
            "nonRecurring": null,
            "otherItems": null,
            "incomeTaxExpense": "749500000.00",
            "totalRevenue": null,
            "totalOperatingExpenses": null,
            "costOfRevenue": null,
            "totalOtherIncomeExpenseNet": null,
            "discontinuedOperations": null,
            "netIncomeFromContinuingOps": null,
            "netIncomeApplicableToCommonShares": "2623500000.00",
            "preferredStockAndOtherAdjustments": null
        },
        "2021-12-31": {
            "date": "2021-12-31",
            "filing_date": "2021-12-31",
            "currency_symbol": "CHF",
            "researchDevelopment": "877000000.00",
            "effectOfAccountingCharges": null,
            "incomeBeforeTax": "4356000000.00",
            "minorityInterest": null,
            "netIncome": "10960000000.00",
            "sellingGeneralAdministrative": "8669000000.00",
            "sellingAndMarketingExpenses": "4061000000.00",
            "grossProfit": "21264000000.00",
            "reconciledDepreciation": null,
            "ebit": "4866000000.00",
            "ebitda": "6635000000.00",
            "depreciationAndAmortization": "1769000000.00",
            "nonOperatingIncomeNetOther": null,
            "operatingIncome": "7806000000.00",
            "otherOperatingExpenses": "37527000000.00",
            "interestExpense": "510000000.00",
            "taxProvision": "1140000000.00",
            "interestIncome": "457000000.00",
            "netInterestIncome": null,
            "extraordinaryItems": null,
            "nonRecurring": null,
            "otherItems": null,
            "incomeTaxExpense": "1140000000.00",
            "totalRevenue": "45333000000.00",
            "totalOperatingExpenses": "13458000000.00",
            "costOfRevenue": "24069000000.00",
            "totalOtherIncomeExpenseNet": "-457000000.00",
            "discontinuedOperations": null,
            "netIncomeFromContinuingOps": null,
            "netIncomeApplicableToCommonShares": "5480000000.00",
            "preferredStockAndOtherAdjustments": null
        },
        "2021-09-30": {
            "date": "2021-09-30",
            "filing_date": null,
            "currency_symbol": "CHF",
            "researchDevelopment": null,
            "effectOfAccountingCharges": null,
            "incomeBeforeTax": null,
            "minorityInterest": null,
            "netIncome": null,
            "sellingGeneralAdministrative": null,
            "sellingAndMarketingExpenses": null,
            "grossProfit": null,
            "reconciledDepreciation": null,
            "ebit": "3909000000.00",
            "ebitda": null,
            "depreciationAndAmortization": null,
            "nonOperatingIncomeNetOther": null,
            "operatingIncome": null,
            "otherOperatingExpenses": "41500000.00",
            "interestExpense": null,
            "taxProvision": null,
            "interestIncome": null,
            "netInterestIncome": null,
            "extraordinaryItems": null,
            "nonRecurring": null,
            "otherItems": null,
            "incomeTaxExpense": "570000000.00",
            "totalRevenue": null,
            "totalOperatingExpenses": null,
            "costOfRevenue": null,
            "totalOtherIncomeExpenseNet": null,
            "discontinuedOperations": null,
            "netIncomeFromContinuingOps": null,
            "netIncomeApplicableToCommonShares": "5480000000.00",
            "preferredStockAndOtherAdjustments": null
        },
        "2021-06-30": {
            "date": "2021-06-30",
            "filing_date": "2021-06-30",
            "currency_symbol": "CHF",
            "researchDevelopment": "793000000.00",
            "effectOfAccountingCharges": null,
            "incomeBeforeTax": "6450000000.00",
            "minorityInterest": "755000000.00",
            "netIncome": "5945000000.00",
            "sellingGeneralAdministrative": "8620000000.00",
            "sellingAndMarketingExpenses": "3858000000.00",
            "grossProfit": "20386000000.00",
            "reconciledDepreciation": null,
            "ebit": "7051000000.00",
            "ebitda": "8722000000.00",
            "depreciationAndAmortization": "1671000000.00",
            "nonOperatingIncomeNetOther": null,
            "operatingIncome": "7353000000.00",
            "otherOperatingExpenses": "34402000000.00",
            "interestExpense": "443000000.00",
            "taxProvision": "1121000000.00",
            "interestIncome": "416000000.00",
            "netInterestIncome": null,
            "extraordinaryItems": null,
            "nonRecurring": null,
            "otherItems": null,
            "incomeTaxExpense": "1121000000.00",
            "totalRevenue": "41755000000.00",
            "totalOperatingExpenses": "13033000000.00",
            "costOfRevenue": "21369000000.00",
            "totalOtherIncomeExpenseNet": "-416000000.00",
            "discontinuedOperations": null,
            "netIncomeFromContinuingOps": null,
            "netIncomeApplicableToCommonShares": "2972500000.00",
            "preferredStockAndOtherAdjustments": null
        },
        "2021-03-31": {
            "date": "2021-03-31",
            "filing_date": null,
            "currency_symbol": "CHF",
            "researchDevelopment": null,
            "effectOfAccountingCharges": null,
            "incomeBeforeTax": null,
            "minorityInterest": "755000000.00",
            "netIncome": null,
            "sellingGeneralAdministrative": null,
            "sellingAndMarketingExpenses": null,
            "grossProfit": null,
            "reconciledDepreciation": null,
            "ebit": "3543000000.00",
            "ebitda": null,
            "depreciationAndAmortization": null,
            "nonOperatingIncomeNetOther": null,
            "operatingIncome": null,
            "otherOperatingExpenses": "100000000.00",
            "interestExpense": null,
            "taxProvision": null,
            "interestIncome": null,
            "netInterestIncome": null,
            "extraordinaryItems": null,
            "nonRecurring": null,
            "otherItems": null,
            "incomeTaxExpense": "560500000.00",
            "totalRevenue": null,
            "totalOperatingExpenses": null,
            "costOfRevenue": null,
            "totalOtherIncomeExpenseNet": null,
            "discontinuedOperations": null,
            "netIncomeFromContinuingOps": null,
            "netIncomeApplicableToCommonShares": "2972500000.00",
            "preferredStockAndOtherAdjustments": null
        },
        "2020-12-31": {
            "date": "2020-12-31",
            "filing_date": "2020-12-31",
            "currency_symbol": "CHF",
            "researchDevelopment": "842000000.00",
            "effectOfAccountingCharges": null,
            "incomeBeforeTax": "6536000000.00",
            "minorityInterest": "819000000.00",
            "netIncome": "6349000000.00",
            "sellingGeneralAdministrative": "8955000000.00",
            "sellingAndMarketingExpenses": "3972000000.00",
            "grossProfit": "21379000000.00",
            "reconciledDepreciation": null,
            "ebit": "6999000000.00",
            "ebitda": "8756000000.00",
            "depreciationAndAmortization": "1757000000.00",
            "nonOperatingIncomeNetOther": null,
            "operatingIncome": "7830000000.00",
            "otherOperatingExpenses": "35361000000.00",
            "interestExpense": "463000000.00",
            "taxProvision": "1367000000.00",
            "interestIncome": "427000000.00",
            "netInterestIncome": null,
            "extraordinaryItems": null,
            "nonRecurring": null,
            "otherItems": null,
            "incomeTaxExpense": "1367000000.00",
            "totalRevenue": "43191000000.00",
            "totalOperatingExpenses": "13549000000.00",
            "costOfRevenue": "21812000000.00",
            "totalOtherIncomeExpenseNet": "-1294000000.00",
            "discontinuedOperations": null,
            "netIncomeFromContinuingOps": null,
            "netIncomeApplicableToCommonShares": "3174500000.00",
            "preferredStockAndOtherAdjustments": null
        },
        "2020-09-30": {
            "date": "2020-09-30",
            "filing_date": null,
            "currency_symbol": "CHF",
            "researchDevelopment": null,
            "effectOfAccountingCharges": null,
            "incomeBeforeTax": null,
            "minorityInterest": "819000000.00",
            "netIncome": null,
            "sellingGeneralAdministrative": null,
            "sellingAndMarketingExpenses": null,
            "grossProfit": null,
            "reconciledDepreciation": null,
            "ebit": "3765000000.00",
            "ebitda": null,
            "depreciationAndAmortization": null,
            "nonOperatingIncomeNetOther": null,
            "operatingIncome": null,
            "otherOperatingExpenses": "177000000.00",
            "interestExpense": null,
            "taxProvision": null,
            "interestIncome": null,
            "netInterestIncome": null,
            "extraordinaryItems": null,
            "nonRecurring": null,
            "otherItems": null,
            "incomeTaxExpense": "683500000.00",
            "totalRevenue": null,
            "totalOperatingExpenses": null,
            "costOfRevenue": null,
            "totalOtherIncomeExpenseNet": null,
            "discontinuedOperations": null,
            "netIncomeFromContinuingOps": null,
            "netIncomeApplicableToCommonShares": "3174500000.00",
            "preferredStockAndOtherAdjustments": null
        },
        "2020-06-30": {
            "date": "2020-06-30",
            "filing_date": "2020-06-30",
            "currency_symbol": "CHF",
            "researchDevelopment": "734000000.00",
            "effectOfAccountingCharges": null,
            "incomeBeforeTax": "7386000000.00",
            "minorityInterest": "869000000.00",
            "netIncome": "5883000000.00",
            "sellingGeneralAdministrative": "8285000000.00",
            "sellingAndMarketingExpenses": "3889000000.00",
            "grossProfit": "20123000000.00",
            "reconciledDepreciation": null,
            "ebit": "7318000000.00",
            "ebitda": "9026000000.00",
            "depreciationAndAmortization": "1708000000.00",
            "nonOperatingIncomeNetOther": null,
            "operatingIncome": "7425000000.00",
            "otherOperatingExpenses": "33727000000.00",
            "interestExpense": "520000000.00",
            "taxProvision": null,
            "interestIncome": null,
            "netInterestIncome": null,
            "extraordinaryItems": null,
            "nonRecurring": null,
            "otherItems": null,
            "incomeTaxExpense": "1998000000.00",
            "totalRevenue": "41152000000.00",
            "totalOperatingExpenses": "12698000000.00",
            "costOfRevenue": "21029000000.00",
            "totalOtherIncomeExpenseNet": "-447000000.00",
            "discontinuedOperations": null,
            "netIncomeFromContinuingOps": null,
            "netIncomeApplicableToCommonShares": "2941500000.00",
            "preferredStockAndOtherAdjustments": null
        },
        "2020-03-31": {
            "date": "2020-03-31",
            "filing_date": null,
            "currency_symbol": "CHF",
            "researchDevelopment": null,
            "effectOfAccountingCharges": null,
            "incomeBeforeTax": null,
            "minorityInterest": "869000000.00",
            "netIncome": null,
            "sellingGeneralAdministrative": null,
            "sellingAndMarketingExpenses": null,
            "grossProfit": null,
            "reconciledDepreciation": null,
            "ebit": null,
            "ebitda": null,
            "depreciationAndAmortization": null,
            "nonOperatingIncomeNetOther": null,
            "operatingIncome": null,
            "otherOperatingExpenses": "70500000.00",
            "interestExpense": null,
            "taxProvision": null,
            "interestIncome": null,
            "netInterestIncome": null,
            "extraordinaryItems": null,
            "nonRecurring": null,
            "otherItems": null,
            "incomeTaxExpense": "999000000.00",
            "totalRevenue": null,
            "totalOperatingExpenses": null,
            "costOfRevenue": null,
            "totalOtherIncomeExpenseNet": null,
            "discontinuedOperations": null,
            "netIncomeFromContinuingOps": null,
            "netIncomeApplicableToCommonShares": "2941500000.00",
            "preferredStockAndOtherAdjustments": null
        },
        "2019-12-31": {
            "date": "2019-12-31",
            "filing_date": "2019-12-31",
            "currency_symbol": "CHF",
            "researchDevelopment": "872000000.00",
            "effectOfAccountingCharges": null,
            "incomeBeforeTax": "8832000000.00",
            "minorityInterest": "827000000.00",
            "netIncome": "7637000000.00",
            "sellingGeneralAdministrative": "9758000000.00",
            "sellingAndMarketingExpenses": "4255000000.00",
            "grossProfit": "23233000000.00",
            "reconciledDepreciation": null,
            "ebit": "9434000000.00",
            "ebitda": "11283000000.00",
            "depreciationAndAmortization": "1849000000.00",
            "nonOperatingIncomeNetOther": null,
            "operatingIncome": "8484000000.00",
            "otherOperatingExpenses": "38628000000.00",
            "interestExpense": "602000000.00",
            "taxProvision": null,
            "interestIncome": null,
            "netInterestIncome": null,
            "extraordinaryItems": null,
            "nonRecurring": null,
            "otherItems": null,
            "incomeTaxExpense": "1448000000.00",
            "totalRevenue": "47112000000.00",
            "totalOperatingExpenses": "14749000000.00",
            "costOfRevenue": "23879000000.00",
            "totalOtherIncomeExpenseNet": "-111000000.00",
            "discontinuedOperations": null,
            "netIncomeFromContinuingOps": "3892500000.00",
            "netIncomeApplicableToCommonShares": "3818500000.00",
            "preferredStockAndOtherAdjustments": null
        },
        "2019-09-30": {
            "date": "2019-09-30",
            "filing_date": null,
            "currency_symbol": "CHF",
            "researchDevelopment": "436000000.00",
            "effectOfAccountingCharges": null,
            "incomeBeforeTax": "4616500000.00",
            "minorityInterest": "827000000.00",
            "netIncome": "3818500000.00",
            "sellingGeneralAdministrative": "7081000000.00",
            "sellingAndMarketingExpenses": null,
            "grossProfit": "11686000000.00",
            "reconciledDepreciation": null,
            "ebit": "4129500000.00",
            "ebitda": null,
            "depreciationAndAmortization": null,
            "nonOperatingIncomeNetOther": null,
            "operatingIncome": "4129500000.00",
            "otherOperatingExpenses": "39500000.00",
            "interestExpense": "206000000.00",
            "taxProvision": null,
            "interestIncome": null,
            "netInterestIncome": null,
            "extraordinaryItems": null,
            "nonRecurring": null,
            "otherItems": null,
            "incomeTaxExpense": "724000000.00",
            "totalRevenue": "23625500000.00",
            "totalOperatingExpenses": "19496000000.00",
            "costOfRevenue": "11939500000.00",
            "totalOtherIncomeExpenseNet": "487000000.00",
            "discontinuedOperations": null,
            "netIncomeFromContinuingOps": "3892500000.00",
            "netIncomeApplicableToCommonShares": "3818500000.00",
            "preferredStockAndOtherAdjustments": null
        },
        "2019-06-30": {
            "date": "2019-06-30",
            "filing_date": "2019-06-30",
            "currency_symbol": "CHF",
            "researchDevelopment": "800000000.00",
            "effectOfAccountingCharges": null,
            "incomeBeforeTax": "6230000000.00",
            "minorityInterest": "1041000000.00",
            "netIncome": "4972000000.00",
            "sellingGeneralAdministrative": "10032000000.00",
            "sellingAndMarketingExpenses": "4241000000.00",
            "grossProfit": "22688000000.00",
            "reconciledDepreciation": "928250000.00",
            "ebit": "7639000000.00",
            "ebitda": "9503000000.00",
            "depreciationAndAmortization": "1864000000.00",
            "nonOperatingIncomeNetOther": null,
            "operatingIncome": "7783000000.00",
            "otherOperatingExpenses": "37673000000.00",
            "interestExpense": "614000000.00",
            "taxProvision": null,
            "interestIncome": null,
            "netInterestIncome": null,
            "extraordinaryItems": null,
            "nonRecurring": null,
            "otherItems": null,
            "incomeTaxExpense": "1711000000.00",
            "totalRevenue": "45456000000.00",
            "totalOperatingExpenses": "14905000000.00",
            "costOfRevenue": "22768000000.00",
            "totalOtherIncomeExpenseNet": "-1553000000.00",
            "discontinuedOperations": null,
            "netIncomeFromContinuingOps": "2559500000.00",
            "netIncomeApplicableToCommonShares": "2486000000.00",
            "preferredStockAndOtherAdjustments": null
        },
        "2019-03-31": {
            "date": "2019-03-31",
            "filing_date": "2019-03-31",
            "currency_symbol": "CHF",
            "researchDevelopment": "418000000.00",
            "effectOfAccountingCharges": null,
            "incomeBeforeTax": "3765500000.00",
            "minorityInterest": "1041000000.00",
            "netIncome": "2975750000.00",
            "sellingGeneralAdministrative": "7136500000.00",
            "sellingAndMarketingExpenses": "7071500000.00",
            "grossProfit": "11554500000.00",
            "reconciledDepreciation": "928250000.00",
            "ebit": "4245500000.00",
            "ebitda": "5173750000.00",
            "depreciationAndAmortization": "928250000.00",
            "nonOperatingIncomeNetOther": null,
            "operatingIncome": "4245500000.00",
            "otherOperatingExpenses": "19209500000.00",
            "interestExpense": "303500000.00",
            "taxProvision": null,
            "interestIncome": null,
            "netInterestIncome": null,
            "extraordinaryItems": null,
            "nonRecurring": null,
            "otherItems": null,
            "incomeTaxExpense": "789750000.00",
            "totalRevenue": "23216250000.00",
            "totalOperatingExpenses": "89750000.00",
            "costOfRevenue": "11661750000.00",
            "totalOtherIncomeExpenseNet": "-480000000.00",
            "discontinuedOperations": null,
            "netIncomeFromContinuingOps": "2559500000.00",
            "netIncomeApplicableToCommonShares": "2486000000.00",
            "preferredStockAndOtherAdjustments": null
        },
        "2018-12-31": {
            "date": "2018-12-31",
            "filing_date": "2018-12-31",
            "currency_symbol": "CHF",
            "researchDevelopment": "893000000.00",
            "effectOfAccountingCharges": null,
            "incomeBeforeTax": "5980000000.00",
            "minorityInterest": "1040000000.00",
            "netIncome": "4310000000.00",
            "sellingGeneralAdministrative": "10362000000.00",
            "sellingAndMarketingExpenses": "4303000000.00",
            "grossProfit": "23865000000.00",
            "reconciledDepreciation": "928250000.00",
            "ebit": "8253000000.00",
            "ebitda": "9323000000.00",
            "depreciationAndAmortization": "1070000000.00",
            "nonOperatingIncomeNetOther": null,
            "operatingIncome": "8253000000.00",
            "otherOperatingExpenses": "41434000000.00",
            "interestExpense": "303500000.00",
            "taxProvision": null,
            "interestIncome": null,
            "netInterestIncome": null,
            "extraordinaryItems": null,
            "nonRecurring": null,
            "otherItems": null,
            "incomeTaxExpense": "1500000000.00",
            "totalRevenue": "47676000000.00",
            "totalOperatingExpenses": "17623000000.00",
            "costOfRevenue": "23811000000.00",
            "totalOtherIncomeExpenseNet": "-2273000000.00",
            "discontinuedOperations": null,
            "netIncomeFromContinuingOps": "2240000000.00",
            "netIncomeApplicableToCommonShares": "2155000000.00",
            "preferredStockAndOtherAdjustments": null
        },
        "2018-09-30": {
            "date": "2018-09-30",
            "filing_date": null,
            "currency_symbol": "CHF",
            "researchDevelopment": "446500000.00",
            "effectOfAccountingCharges": null,
            "incomeBeforeTax": "2990000000.00",
            "minorityInterest": "1040000000.00",
            "netIncome": "2155000000.00",
            "sellingGeneralAdministrative": "7332500000.00",
            "sellingAndMarketingExpenses": null,
            "grossProfit": "11932500000.00",
            "reconciledDepreciation": null,
            "ebit": "4132500000.00",
            "ebitda": null,
            "depreciationAndAmortization": null,
            "nonOperatingIncomeNetOther": null,
            "operatingIncome": "4132500000.00",
            "otherOperatingExpenses": "21000000.00",
            "interestExpense": "196500000.00",
            "taxProvision": null,
            "interestIncome": null,
            "netInterestIncome": null,
            "extraordinaryItems": null,
            "nonRecurring": null,
            "otherItems": null,
            "incomeTaxExpense": "750000000.00",
            "totalRevenue": "23838000000.00",
            "totalOperatingExpenses": "19705500000.00",
            "costOfRevenue": "11905500000.00",
            "totalOtherIncomeExpenseNet": "-1142500000.00",
            "discontinuedOperations": null,
            "netIncomeFromContinuingOps": "2240000000.00",
            "netIncomeApplicableToCommonShares": "2155000000.00",
            "preferredStockAndOtherAdjustments": null
        },
        "2018-06-30": {
            "date": "2018-06-30",
            "filing_date": "2018-06-30",
            "currency_symbol": "CHF",
            "researchDevelopment": "794000000.00",
            "effectOfAccountingCharges": null,
            "incomeBeforeTax": "7927000000.00",
            "minorityInterest": "1241000000.00",
            "netIncome": "5825000000.00",
            "sellingGeneralAdministrative": "9792000000.00",
            "sellingAndMarketingExpenses": "4166000000.00",
            "grossProfit": "21815000000.00",
            "reconciledDepreciation": "981000000.00",
            "ebit": "7087000000.00",
            "ebitda": "9030000000.00",
            "depreciationAndAmortization": "1943000000.00",
            "nonOperatingIncomeNetOther": null,
            "operatingIncome": "7087000000.00",
            "otherOperatingExpenses": "35801000000.00",
            "interestExpense": "251500000.00",
            "taxProvision": null,
            "interestIncome": null,
            "netInterestIncome": null,
            "extraordinaryItems": null,
            "nonRecurring": null,
            "otherItems": null,
            "incomeTaxExpense": "1939000000.00",
            "totalRevenue": "44074000000.00",
            "totalOperatingExpenses": "13542000000.00",
            "costOfRevenue": "22259000000.00",
            "totalOtherIncomeExpenseNet": "-346000000.00",
            "discontinuedOperations": null,
            "netIncomeFromContinuingOps": "2994000000.00",
            "netIncomeApplicableToCommonShares": "2912500000.00",
            "preferredStockAndOtherAdjustments": null
        },
        "2018-03-31": {
            "date": "2018-03-31",
            "filing_date": "2018-03-31",
            "currency_symbol": "CHF",
            "researchDevelopment": "421750000.00",
            "effectOfAccountingCharges": null,
            "incomeBeforeTax": "3247750000.00",
            "minorityInterest": "1241000000.00",
            "netIncome": "2533750000.00",
            "sellingGeneralAdministrative": "6979000000.00",
            "sellingAndMarketingExpenses": "7118000000.00",
            "grossProfit": "11420000000.00",
            "reconciledDepreciation": "981000000.00",
            "ebit": "3645000000.00",
            "ebitda": "4626000000.00",
            "depreciationAndAmortization": "981000000.00",
            "nonOperatingIncomeNetOther": null,
            "operatingIncome": "3856000000.00",
            "otherOperatingExpenses": "19081500000.00",
            "interestExpense": "251500000.00",
            "taxProvision": null,
            "interestIncome": null,
            "netInterestIncome": null,
            "extraordinaryItems": null,
            "nonRecurring": null,
            "otherItems": null,
            "incomeTaxExpense": "859750000.00",
            "totalRevenue": "22937500000.00",
            "totalOperatingExpenses": "72000000.00",
            "costOfRevenue": "11517500000.00",
            "totalOtherIncomeExpenseNet": "608250000.00",
            "discontinuedOperations": null,
            "netIncomeFromContinuingOps": "2994000000.00",
            "netIncomeApplicableToCommonShares": "2912500000.00",
            "preferredStockAndOtherAdjustments": null
        },
        "2017-12-31": {
            "date": "2017-12-31",
            "filing_date": "2017-12-31",
            "currency_symbol": "CHF",
            "researchDevelopment": "912000000.00",
            "effectOfAccountingCharges": null,
            "incomeBeforeTax": "3559000000.00",
            "minorityInterest": null,
            "netIncome": "2259000000.00",
            "sellingGeneralAdministrative": "10215000000.00",
            "sellingAndMarketingExpenses": "4103000000.00",
            "grossProfit": "22979000000.00",
            "reconciledDepreciation": "981000000.00",
            "ebit": "4246000000.00",
            "ebitda": "5357000000.00",
            "depreciationAndAmortization": "1111000000.00",
            "nonOperatingIncomeNetOther": null,
            "operatingIncome": "7859000000.00",
            "otherOperatingExpenses": "43114000000.00",
            "interestExpense": "251500000.00",
            "taxProvision": null,
            "interestIncome": null,
            "netInterestIncome": null,
            "extraordinaryItems": null,
            "nonRecurring": null,
            "otherItems": null,
            "incomeTaxExpense": "1111000000.00",
            "totalRevenue": "46831000000.00",
            "totalOperatingExpenses": "19262000000.00",
            "costOfRevenue": "23852000000.00",
            "totalOtherIncomeExpenseNet": "-4300000000.00",
            "discontinuedOperations": null,
            "netIncomeFromContinuingOps": null,
            "netIncomeApplicableToCommonShares": null,
            "preferredStockAndOtherAdjustments": null
        },
        "2017-06-30": {
            "date": "2017-06-30",
            "filing_date": "2017-06-30",
            "currency_symbol": "CHF",
            "researchDevelopment": "827000000.00",
            "effectOfAccountingCharges": null,
            "incomeBeforeTax": "6725000000.00",
            "minorityInterest": null,
            "netIncome": "4897000000.00",
            "sellingGeneralAdministrative": "9804000000.00",
            "sellingAndMarketingExpenses": "3920000000.00",
            "grossProfit": "21372000000.00",
            "reconciledDepreciation": "806750000.00",
            "ebit": "6189000000.00",
            "ebitda": "8134000000.00",
            "depreciationAndAmortization": "1945000000.00",
            "nonOperatingIncomeNetOther": null,
            "operatingIncome": "6840000000.00",
            "otherOperatingExpenses": "36034000000.00",
            "interestExpense": "191500000.00",
            "taxProvision": null,
            "interestIncome": null,
            "netInterestIncome": null,
            "extraordinaryItems": null,
            "nonRecurring": null,
            "otherItems": null,
            "incomeTaxExpense": "1662000000.00",
            "totalRevenue": "43091000000.00",
            "totalOperatingExpenses": "14315000000.00",
            "costOfRevenue": "21719000000.00",
            "totalOtherIncomeExpenseNet": "-115000000.00",
            "discontinuedOperations": null,
            "netIncomeFromContinuingOps": null,
            "netIncomeApplicableToCommonShares": null,
            "preferredStockAndOtherAdjustments": null
        },
        "2017-03-31": {
            "date": "2017-03-31",
            "filing_date": "2017-03-31",
            "currency_symbol": "CHF",
            "researchDevelopment": "431000000.00",
            "effectOfAccountingCharges": null,
            "incomeBeforeTax": "2373250000.00",
            "minorityInterest": null,
            "netIncome": "1795750000.00",
            "sellingGeneralAdministrative": null,
            "sellingAndMarketingExpenses": "7186250000.00",
            "grossProfit": "11299500000.00",
            "reconciledDepreciation": "806750000.00",
            "ebit": "2682000000.00",
            "ebitda": "3488750000.00",
            "depreciationAndAmortization": "806750000.00",
            "nonOperatingIncomeNetOther": null,
            "operatingIncome": "3694750000.00",
            "otherOperatingExpenses": "18835500000.00",
            "interestExpense": "191500000.00",
            "taxProvision": null,
            "interestIncome": null,
            "netInterestIncome": null,
            "extraordinaryItems": null,
            "nonRecurring": null,
            "otherItems": null,
            "incomeTaxExpense": "694750000.00",
            "totalRevenue": "22530250000.00",
            "totalOperatingExpenses": "67250000.00",
            "costOfRevenue": "11230750000.00",
            "totalOtherIncomeExpenseNet": "1321500000.00",
            "discontinuedOperations": null,
            "netIncomeFromContinuingOps": null,
            "netIncomeApplicableToCommonShares": null,
            "preferredStockAndOtherAdjustments": null
        },
        "2016-12-31": {
            "date": "2016-12-31",
            "filing_date": "2016-12-31",
            "currency_symbol": "CHF",
            "researchDevelopment": "916000000.00",
            "effectOfAccountingCharges": null,
            "incomeBeforeTax": "6718000000.00",
            "minorityInterest": null,
            "netIncome": "4431000000.00",
            "sellingGeneralAdministrative": "11177000000.00",
            "sellingAndMarketingExpenses": "4113000000.00",
            "grossProfit": "23517000000.00",
            "reconciledDepreciation": "806750000.00",
            "ebit": "6854000000.00",
            "ebitda": "8338000000.00",
            "depreciationAndAmortization": "1484000000.00",
            "nonOperatingIncomeNetOther": null,
            "operatingIncome": "7339000000.00",
            "otherOperatingExpenses": "39652000000.00",
            "interestExpense": "191500000.00",
            "taxProvision": null,
            "interestIncome": null,
            "netInterestIncome": null,
            "extraordinaryItems": null,
            "nonRecurring": null,
            "otherItems": null,
            "incomeTaxExpense": "2128000000.00",
            "totalRevenue": "46486000000.00",
            "totalOperatingExpenses": "16683000000.00",
            "costOfRevenue": "22969000000.00",
            "totalOtherIncomeExpenseNet": "-621000000.00",
            "discontinuedOperations": null,
            "netIncomeFromContinuingOps": null,
            "netIncomeApplicableToCommonShares": null,
            "preferredStockAndOtherAdjustments": null
        },
        "2016-06-30": {
            "date": "2016-06-30",
            "filing_date": "2016-06-30",
            "currency_symbol": "CHF",
            "researchDevelopment": "820000000.00",
            "effectOfAccountingCharges": null,
            "incomeBeforeTax": "6578000000.00",
            "minorityInterest": null,
            "netIncome": "4100000000.00",
            "sellingGeneralAdministrative": "10496000000.00",
            "sellingAndMarketingExpenses": "3946000000.00",
            "grossProfit": "22070000000.00",
            "reconciledDepreciation": "783000000.00",
            "ebit": "6784000000.00",
            "ebitda": "8322000000.00",
            "depreciationAndAmortization": "1538000000.00",
            "nonOperatingIncomeNetOther": null,
            "operatingIncome": "6784000000.00",
            "otherOperatingExpenses": "36394000000.00",
            "interestExpense": "188250000.00",
            "taxProvision": null,
            "interestIncome": null,
            "netInterestIncome": null,
            "extraordinaryItems": null,
            "nonRecurring": null,
            "otherItems": null,
            "incomeTaxExpense": "2285000000.00",
            "totalRevenue": "43300000000.00",
            "totalOperatingExpenses": "15164000000.00",
            "costOfRevenue": "21230000000.00",
            "totalOtherIncomeExpenseNet": "-206000000.00",
            "discontinuedOperations": null,
            "netIncomeFromContinuingOps": null,
            "netIncomeApplicableToCommonShares": null,
            "preferredStockAndOtherAdjustments": null
        },
        "2016-03-31": {
            "date": "2016-03-31",
            "filing_date": "2016-03-31",
            "currency_symbol": "CHF",
            "researchDevelopment": "434000000.00",
            "effectOfAccountingCharges": null,
            "incomeBeforeTax": "3131500000.00",
            "minorityInterest": null,
            "netIncome": "2132750000.00",
            "sellingGeneralAdministrative": null,
            "sellingAndMarketingExpenses": "7386000000.00",
            "grossProfit": "11396750000.00",
            "reconciledDepreciation": "783000000.00",
            "ebit": "3424250000.00",
            "ebitda": "4207250000.00",
            "depreciationAndAmortization": "783000000.00",
            "nonOperatingIncomeNetOther": null,
            "operatingIncome": "3554000000.00",
            "otherOperatingExpenses": "18892500000.00",
            "interestExpense": "188250000.00",
            "taxProvision": null,
            "interestIncome": null,
            "netInterestIncome": null,
            "extraordinaryItems": null,
            "nonRecurring": null,
            "otherItems": null,
            "incomeTaxExpense": "1103250000.00",
            "totalRevenue": "22446500000.00",
            "totalOperatingExpenses": "60500000.00",
            "costOfRevenue": "11049750000.00",
            "totalOtherIncomeExpenseNet": "422500000.00",
            "discontinuedOperations": null,
            "netIncomeFromContinuingOps": null,
            "netIncomeApplicableToCommonShares": null,
            "preferredStockAndOtherAdjustments": null
        },
        "2015-12-31": {
            "date": "2015-12-31",
            "filing_date": "2015-12-31",
            "currency_symbol": "CHF",
            "researchDevelopment": "901000000.00",
            "effectOfAccountingCharges": null,
            "incomeBeforeTax": "6513000000.00",
            "minorityInterest": null,
            "netIncome": "4549000000.00",
            "sellingGeneralAdministrative": "10892000000.00",
            "sellingAndMarketingExpenses": "4027000000.00",
            "grossProfit": "23025000000.00",
            "reconciledDepreciation": "783000000.00",
            "ebit": "7044000000.00",
            "ebitda": "8569000000.00",
            "depreciationAndAmortization": "1525000000.00",
            "nonOperatingIncomeNetOther": null,
            "operatingIncome": "7044000000.00",
            "otherOperatingExpenses": "39487000000.00",
            "interestExpense": "188250000.00",
            "taxProvision": null,
            "interestIncome": null,
            "netInterestIncome": null,
            "extraordinaryItems": null,
            "nonRecurring": null,
            "otherItems": null,
            "incomeTaxExpense": "1790000000.00",
            "totalRevenue": "46111000000.00",
            "totalOperatingExpenses": "16401000000.00",
            "costOfRevenue": "23086000000.00",
            "totalOtherIncomeExpenseNet": "-531000000.00",
            "discontinuedOperations": null,
            "netIncomeFromContinuingOps": null,
            "netIncomeApplicableToCommonShares": null,
            "preferredStockAndOtherAdjustments": null
        },
        "2015-09-30": {
            "date": "2015-09-30",
            "filing_date": "2015-09-30",
            "currency_symbol": "CHF",
            "researchDevelopment": "419500000.00",
            "effectOfAccountingCharges": null,
            "incomeBeforeTax": "2946000000.00",
            "minorityInterest": null,
            "netIncome": "2266500000.00",
            "sellingGeneralAdministrative": null,
            "sellingAndMarketingExpenses": "7160750000.00",
            "grossProfit": "11088250000.00",
            "reconciledDepreciation": "794500000.00",
            "ebit": "3273250000.00",
            "ebitda": "4067750000.00",
            "depreciationAndAmortization": "794500000.00",
            "nonOperatingIncomeNetOther": null,
            "operatingIncome": "3454500000.00",
            "otherOperatingExpenses": "18816250000.00",
            "interestExpense": "180500000.00",
            "taxProvision": null,
            "interestIncome": null,
            "netInterestIncome": null,
            "extraordinaryItems": null,
            "nonRecurring": null,
            "otherItems": null,
            "incomeTaxExpense": "826250000.00",
            "totalRevenue": "22270750000.00",
            "totalOperatingExpenses": "75000000.00",
            "costOfRevenue": "11182500000.00",
            "totalOtherIncomeExpenseNet": "508500000.00",
            "discontinuedOperations": null,
            "netIncomeFromContinuingOps": null,
            "netIncomeApplicableToCommonShares": null,
            "preferredStockAndOtherAdjustments": null
        },
        "2015-06-30": {
            "date": "2015-06-30",
            "filing_date": "2015-06-30",
            "currency_symbol": "CHF",
            "researchDevelopment": "777000000.00",
            "effectOfAccountingCharges": null,
            "incomeBeforeTax": "6259000000.00",
            "minorityInterest": null,
            "netIncome": "4517000000.00",
            "sellingGeneralAdministrative": "10029000000.00",
            "sellingAndMarketingExpenses": "3872000000.00",
            "grossProfit": "21328000000.00",
            "reconciledDepreciation": "794500000.00",
            "ebit": "6704000000.00",
            "ebitda": "8252000000.00",
            "depreciationAndAmortization": "1548000000.00",
            "nonOperatingIncomeNetOther": null,
            "operatingIncome": "6704000000.00",
            "otherOperatingExpenses": "36380000000.00",
            "interestExpense": "180500000.00",
            "taxProvision": null,
            "interestIncome": null,
            "netInterestIncome": null,
            "extraordinaryItems": null,
            "nonRecurring": null,
            "otherItems": null,
            "incomeTaxExpense": "1515000000.00",
            "totalRevenue": "42972000000.00",
            "totalOperatingExpenses": "14736000000.00",
            "costOfRevenue": "21644000000.00",
            "totalOtherIncomeExpenseNet": "-445000000.00",
            "discontinuedOperations": null,
            "netIncomeFromContinuingOps": null,
            "netIncomeApplicableToCommonShares": null,
            "preferredStockAndOtherAdjustments": null
        },
        "2015-03-31": {
            "date": "2015-03-31",
            "filing_date": "2015-03-31",
            "currency_symbol": "CHF",
            "researchDevelopment": "419500000.00",
            "effectOfAccountingCharges": null,
            "incomeBeforeTax": "2946000000.00",
            "minorityInterest": null,
            "netIncome": "2266500000.00",
            "sellingGeneralAdministrative": null,
            "sellingAndMarketingExpenses": "7160750000.00",
            "grossProfit": "11088250000.00",
            "reconciledDepreciation": "794500000.00",
            "ebit": "3273250000.00",
            "ebitda": "4067750000.00",
            "depreciationAndAmortization": "794500000.00",
            "nonOperatingIncomeNetOther": null,
            "operatingIncome": "3454500000.00",
            "otherOperatingExpenses": "18816250000.00",
            "interestExpense": "180500000.00",
            "taxProvision": null,
            "interestIncome": null,
            "netInterestIncome": null,
            "extraordinaryItems": null,
            "nonRecurring": null,
            "otherItems": null,
            "incomeTaxExpense": "826250000.00",
            "totalRevenue": "22270750000.00",
            "totalOperatingExpenses": "75000000.00",
            "costOfRevenue": "11182500000.00",
            "totalOtherIncomeExpenseNet": "508500000.00",
            "discontinuedOperations": null,
            "netIncomeFromContinuingOps": null,
            "netIncomeApplicableToCommonShares": null,
            "preferredStockAndOtherAdjustments": null
        },
        "2014-12-31": {
            "date": "2014-12-31",
            "filing_date": "2014-12-31",
            "currency_symbol": "CHF",
            "researchDevelopment": "913000000.00",
            "effectOfAccountingCharges": null,
            "incomeBeforeTax": "11792000000.00",
            "minorityInterest": null,
            "netIncome": "9822000000.00",
            "sellingGeneralAdministrative": "10426000000.00",
            "sellingAndMarketingExpenses": "4261000000.00",
            "grossProfit": "23607000000.00",
            "reconciledDepreciation": "794500000.00",
            "ebit": "7834000000.00",
            "ebitda": "9261000000.00",
            "depreciationAndAmortization": "1427000000.00",
            "nonOperatingIncomeNetOther": null,
            "operatingIncome": "7834000000.00",
            "otherOperatingExpenses": "36888000000.00",
            "interestExpense": "180500000.00",
            "taxProvision": null,
            "interestIncome": null,
            "netInterestIncome": null,
            "extraordinaryItems": null,
            "nonRecurring": null,
            "otherItems": null,
            "incomeTaxExpense": "1741000000.00",
            "totalRevenue": "48784000000.00",
            "totalOperatingExpenses": "11711000000.00",
            "costOfRevenue": "25177000000.00",
            "totalOtherIncomeExpenseNet": "7083000000.00",
            "discontinuedOperations": null,
            "netIncomeFromContinuingOps": null,
            "netIncomeApplicableToCommonShares": null,
            "preferredStockAndOtherAdjustments": null
        },
        "2014-09-30": {
            "date": "2014-09-30",
            "filing_date": "2014-09-30",
            "currency_symbol": "CHF",
            "researchDevelopment": "407000000.00",
            "effectOfAccountingCharges": null,
            "incomeBeforeTax": "2567000000.00",
            "minorityInterest": null,
            "netIncome": "3614000000.00",
            "sellingGeneralAdministrative": null,
            "sellingAndMarketingExpenses": "6967000000.00",
            "grossProfit": "11078000000.00",
            "reconciledDepreciation": "764500000.00",
            "ebit": "4646000000.00",
            "ebitda": "5410500000.00",
            "depreciationAndAmortization": "764500000.00",
            "nonOperatingIncomeNetOther": null,
            "operatingIncome": "3529750000.00",
            "otherOperatingExpenses": "19436500000.00",
            "interestExpense": "190250000.00",
            "taxProvision": null,
            "interestIncome": null,
            "netInterestIncome": null,
            "extraordinaryItems": null,
            "nonRecurring": null,
            "otherItems": null,
            "incomeTaxExpense": "841750000.00",
            "totalRevenue": "22966250000.00",
            "totalOperatingExpenses": "192000000.00",
            "costOfRevenue": "11888250000.00",
            "totalOtherIncomeExpenseNet": "962750000.00",
            "discontinuedOperations": null,
            "netIncomeFromContinuingOps": null,
            "netIncomeApplicableToCommonShares": null,
            "preferredStockAndOtherAdjustments": null
        },
        "2014-06-30": {
            "date": "2014-06-30",
            "filing_date": "2014-06-30",
            "currency_symbol": "CHF",
            "researchDevelopment": "715000000.00",
            "effectOfAccountingCharges": null,
            "incomeBeforeTax": "6479000000.00",
            "minorityInterest": null,
            "netIncome": "4634000000.00",
            "sellingGeneralAdministrative": "9419000000.00",
            "sellingAndMarketingExpenses": "3956000000.00",
            "grossProfit": "20705000000.00",
            "reconciledDepreciation": "764500000.00",
            "ebit": "6718000000.00",
            "ebitda": "8210000000.00",
            "depreciationAndAmortization": "1492000000.00",
            "nonOperatingIncomeNetOther": null,
            "operatingIncome": "6718000000.00",
            "otherOperatingExpenses": "36274000000.00",
            "interestExpense": "190250000.00",
            "taxProvision": null,
            "interestIncome": null,
            "netInterestIncome": null,
            "extraordinaryItems": null,
            "nonRecurring": null,
            "otherItems": null,
            "incomeTaxExpense": "1626000000.00",
            "totalRevenue": "43081000000.00",
            "totalOperatingExpenses": "13898000000.00",
            "costOfRevenue": "22376000000.00",
            "totalOtherIncomeExpenseNet": "-239000000.00",
            "discontinuedOperations": null,
            "netIncomeFromContinuingOps": null,
            "netIncomeApplicableToCommonShares": null,
            "preferredStockAndOtherAdjustments": null
        },
        "2014-03-31": {
            "date": "2014-03-31",
            "filing_date": "2014-03-31",
            "currency_symbol": "CHF",
            "researchDevelopment": "407000000.00",
            "effectOfAccountingCharges": null,
            "incomeBeforeTax": "2567000000.00",
            "minorityInterest": null,
            "netIncome": "3614000000.00",
            "sellingGeneralAdministrative": null,
            "sellingAndMarketingExpenses": "6967000000.00",
            "grossProfit": "11078000000.00",
            "reconciledDepreciation": "764500000.00",
            "ebit": "4646000000.00",
            "ebitda": "5410500000.00",
            "depreciationAndAmortization": "764500000.00",
            "nonOperatingIncomeNetOther": null,
            "operatingIncome": "3529750000.00",
            "otherOperatingExpenses": "19436500000.00",
            "interestExpense": "190250000.00",
            "taxProvision": null,
            "interestIncome": null,
            "netInterestIncome": null,
            "extraordinaryItems": null,
            "nonRecurring": null,
            "otherItems": null,
            "incomeTaxExpense": "841750000.00",
            "totalRevenue": "22966250000.00",
            "totalOperatingExpenses": "192000000.00",
            "costOfRevenue": "11888250000.00",
            "totalOtherIncomeExpenseNet": "962750000.00",
            "discontinuedOperations": null,
            "netIncomeFromContinuingOps": null,
            "netIncomeApplicableToCommonShares": null,
            "preferredStockAndOtherAdjustments": null
        },
        "2013-12-31": {
            "date": "2013-12-31",
            "filing_date": "2013-12-31",
            "currency_symbol": "CHF",
            "researchDevelopment": "812000000.00",
            "effectOfAccountingCharges": null,
            "incomeBeforeTax": "6618000000.00",
            "minorityInterest": null,
            "netIncome": "4895000000.00",
            "sellingGeneralAdministrative": "9939000000.00",
            "sellingAndMarketingExpenses": "4074000000.00",
            "grossProfit": "22430000000.00",
            "reconciledDepreciation": "764500000.00",
            "ebit": "7237000000.00",
            "ebitda": "8597000000.00",
            "depreciationAndAmortization": "1360000000.00",
            "nonOperatingIncomeNetOther": null,
            "operatingIncome": "7237000000.00",
            "otherOperatingExpenses": "40420000000.00",
            "interestExpense": "190250000.00",
            "taxProvision": null,
            "interestIncome": null,
            "netInterestIncome": null,
            "extraordinaryItems": null,
            "nonRecurring": null,
            "otherItems": null,
            "incomeTaxExpense": "1504000000.00",
            "totalRevenue": "47085000000.00",
            "totalOperatingExpenses": "15765000000.00",
            "costOfRevenue": "24655000000.00",
            "totalOtherIncomeExpenseNet": "286000000.00",
            "discontinuedOperations": null,
            "netIncomeFromContinuingOps": null,
            "netIncomeApplicableToCommonShares": null,
            "preferredStockAndOtherAdjustments": null
        },
        "2013-09-30": {
            "date": "2013-09-30",
            "filing_date": "2013-09-30",
            "currency_symbol": "CHF",
            "researchDevelopment": "375750000.00",
            "effectOfAccountingCharges": null,
            "incomeBeforeTax": "3109250000.00",
            "minorityInterest": null,
            "netIncome": "2503750000.00",
            "sellingGeneralAdministrative": null,
            "sellingAndMarketingExpenses": "6966750000.00",
            "grossProfit": "11065500000.00",
            "reconciledDepreciation": "791250000.00",
            "ebit": "3529750000.00",
            "ebitda": "4321000000.00",
            "depreciationAndAmortization": "791250000.00",
            "nonOperatingIncomeNetOther": null,
            "operatingIncome": "3803750000.00",
            "otherOperatingExpenses": "19289500000.00",
            "interestExpense": "212000000.00",
            "taxProvision": null,
            "interestIncome": null,
            "netInterestIncome": null,
            "extraordinaryItems": null,
            "nonRecurring": null,
            "otherItems": null,
            "incomeTaxExpense": "814000000.00",
            "totalRevenue": "23093250000.00",
            "totalOperatingExpenses": "65000000.00",
            "costOfRevenue": "12027750000.00",
            "totalOtherIncomeExpenseNet": "694500000.00",
            "discontinuedOperations": null,
            "netIncomeFromContinuingOps": null,
            "netIncomeApplicableToCommonShares": null,
            "preferredStockAndOtherAdjustments": null
        },
        "2013-06-30": {
            "date": "2013-06-30",
            "filing_date": "2013-06-30",
            "currency_symbol": "CHF",
            "researchDevelopment": "691000000.00",
            "effectOfAccountingCharges": null,
            "incomeBeforeTax": "7083000000.00",
            "minorityInterest": null,
            "netIncome": "5120000000.00",
            "sellingGeneralAdministrative": "10020000000.00",
            "sellingAndMarketingExpenses": "4082000000.00",
            "grossProfit": "21832000000.00",
            "reconciledDepreciation": "791250000.00",
            "ebit": "7104000000.00",
            "ebitda": "8694000000.00",
            "depreciationAndAmortization": "1590000000.00",
            "nonOperatingIncomeNetOther": null,
            "operatingIncome": "7104000000.00",
            "otherOperatingExpenses": "37871000000.00",
            "interestExpense": "212000000.00",
            "taxProvision": null,
            "interestIncome": null,
            "netInterestIncome": null,
            "extraordinaryItems": null,
            "nonRecurring": null,
            "otherItems": null,
            "incomeTaxExpense": "1752000000.00",
            "totalRevenue": "45288000000.00",
            "totalOperatingExpenses": "14415000000.00",
            "costOfRevenue": "23456000000.00",
            "totalOtherIncomeExpenseNet": "-21000000.00",
            "discontinuedOperations": null,
            "netIncomeFromContinuingOps": null,
            "netIncomeApplicableToCommonShares": null,
            "preferredStockAndOtherAdjustments": null
        },
        "2013-03-31": {
            "date": "2013-03-31",
            "filing_date": "2013-03-31",
            "currency_symbol": "CHF",
            "researchDevelopment": "375750000.00",
            "effectOfAccountingCharges": null,
            "incomeBeforeTax": "3109250000.00",
            "minorityInterest": null,
            "netIncome": "2503750000.00",
            "sellingGeneralAdministrative": null,
            "sellingAndMarketingExpenses": "6966750000.00",
            "grossProfit": "11065500000.00",
            "reconciledDepreciation": "791250000.00",
            "ebit": "3529750000.00",
            "ebitda": "4321000000.00",
            "depreciationAndAmortization": "791250000.00",
            "nonOperatingIncomeNetOther": null,
            "operatingIncome": "3803750000.00",
            "otherOperatingExpenses": "19289500000.00",
            "interestExpense": "212000000.00",
            "taxProvision": null,
            "interestIncome": null,
            "netInterestIncome": null,
            "extraordinaryItems": null,
            "nonRecurring": null,
            "otherItems": null,
            "incomeTaxExpense": "814000000.00",
            "totalRevenue": "23093250000.00",
            "totalOperatingExpenses": "65000000.00",
            "costOfRevenue": "12027750000.00",
            "totalOtherIncomeExpenseNet": "694500000.00",
            "discontinuedOperations": null,
            "netIncomeFromContinuingOps": null,
            "netIncomeApplicableToCommonShares": null,
            "preferredStockAndOtherAdjustments": null
        },
        "2012-12-31": {
            "date": "2012-12-31",
            "filing_date": "2012-12-31",
            "currency_symbol": "CHF",
            "researchDevelopment": "772000000.00",
            "effectOfAccountingCharges": null,
            "incomeBeforeTax": "6725500000.00",
            "minorityInterest": null,
            "netIncome": "5000000000.00",
            "sellingGeneralAdministrative": null,
            "sellingAndMarketingExpenses": "13927500000.00",
            "grossProfit": "21963000000.00",
            "reconciledDepreciation": "791250000.00",
            "ebit": "7326500000.00",
            "ebitda": "8901500000.00",
            "depreciationAndAmortization": "1575000000.00",
            "nonOperatingIncomeNetOther": null,
            "operatingIncome": "7326500000.00",
            "otherOperatingExpenses": "38982500000.00",
            "interestExpense": "295500000.00",
            "taxProvision": null,
            "interestIncome": null,
            "netInterestIncome": null,
            "extraordinaryItems": null,
            "nonRecurring": null,
            "otherItems": null,
            "incomeTaxExpense": "1725500000.00",
            "totalRevenue": "46162000000.00",
            "totalOperatingExpenses": "104500000.00",
            "costOfRevenue": "24199000000.00",
            "totalOtherIncomeExpenseNet": "-601000000.00",
            "discontinuedOperations": null,
            "netIncomeFromContinuingOps": null,
            "netIncomeApplicableToCommonShares": null,
            "preferredStockAndOtherAdjustments": null
        },
        "2012-09-30": {
            "date": "2012-09-30",
            "filing_date": "2012-09-30",
            "currency_symbol": "CHF",
            "researchDevelopment": "386000000.00",
            "effectOfAccountingCharges": null,
            "incomeBeforeTax": "3362750000.00",
            "minorityInterest": null,
            "netIncome": "2500000000.00",
            "sellingGeneralAdministrative": null,
            "sellingAndMarketingExpenses": "6963750000.00",
            "grossProfit": "10981500000.00",
            "reconciledDepreciation": "787500000.00",
            "ebit": "3663250000.00",
            "ebitda": "4450750000.00",
            "depreciationAndAmortization": "787500000.00",
            "nonOperatingIncomeNetOther": null,
            "operatingIncome": "3663250000.00",
            "otherOperatingExpenses": "19491250000.00",
            "interestExpense": "147750000.00",
            "taxProvision": null,
            "interestIncome": null,
            "netInterestIncome": null,
            "extraordinaryItems": null,
            "nonRecurring": null,
            "otherItems": null,
            "incomeTaxExpense": "862750000.00",
            "totalRevenue": "23081000000.00",
            "totalOperatingExpenses": "52250000.00",
            "costOfRevenue": "12099500000.00",
            "totalOtherIncomeExpenseNet": "-300500000.00",
            "discontinuedOperations": null,
            "netIncomeFromContinuingOps": null,
            "netIncomeApplicableToCommonShares": null,
            "preferredStockAndOtherAdjustments": null
        },
        "2012-06-30": {
            "date": "2012-06-30",
            "filing_date": "2012-06-30",
            "currency_symbol": "CHF",
            "researchDevelopment": "772000000.00",
            "effectOfAccountingCharges": null,
            "incomeBeforeTax": "6725500000.00",
            "minorityInterest": null,
            "netIncome": "5000000000.00",
            "sellingGeneralAdministrative": null,
            "sellingAndMarketingExpenses": "13927500000.00",
            "grossProfit": "21963000000.00",
            "reconciledDepreciation": "787500000.00",
            "ebit": "7326500000.00",
            "ebitda": "8901500000.00",
            "depreciationAndAmortization": "1575000000.00",
            "nonOperatingIncomeNetOther": null,
            "operatingIncome": "7326500000.00",
            "otherOperatingExpenses": "38982500000.00",
            "interestExpense": "295500000.00",
            "taxProvision": null,
            "interestIncome": null,
            "netInterestIncome": null,
            "extraordinaryItems": null,
            "nonRecurring": null,
            "otherItems": null,
            "incomeTaxExpense": "1725500000.00",
            "totalRevenue": "46162000000.00",
            "totalOperatingExpenses": "104500000.00",
            "costOfRevenue": "24199000000.00",
            "totalOtherIncomeExpenseNet": "-601000000.00",
            "discontinuedOperations": null,
            "netIncomeFromContinuingOps": null,
            "netIncomeApplicableToCommonShares": null,
            "preferredStockAndOtherAdjustments": null
        },
        "2012-03-31": {
            "date": "2012-03-31",
            "filing_date": "2012-03-31",
            "currency_symbol": "CHF",
            "researchDevelopment": "386000000.00",
            "effectOfAccountingCharges": null,
            "incomeBeforeTax": "3362750000.00",
            "minorityInterest": null,
            "netIncome": "2500000000.00",
            "sellingGeneralAdministrative": null,
            "sellingAndMarketingExpenses": "6963750000.00",
            "grossProfit": "10981500000.00",
            "reconciledDepreciation": "787500000.00",
            "ebit": "3663250000.00",
            "ebitda": "4450750000.00",
            "depreciationAndAmortization": "787500000.00",
            "nonOperatingIncomeNetOther": null,
            "operatingIncome": "3663250000.00",
            "otherOperatingExpenses": "19491250000.00",
            "interestExpense": "147750000.00",
            "taxProvision": null,
            "interestIncome": null,
            "netInterestIncome": null,
            "extraordinaryItems": null,
            "nonRecurring": null,
            "otherItems": null,
            "incomeTaxExpense": "862750000.00",
            "totalRevenue": "23081000000.00",
            "totalOperatingExpenses": "52250000.00",
            "costOfRevenue": "12099500000.00",
            "totalOtherIncomeExpenseNet": "-300500000.00",
            "discontinuedOperations": null,
            "netIncomeFromContinuingOps": null,
            "netIncomeApplicableToCommonShares": null,
            "preferredStockAndOtherAdjustments": null
        },
        "2011-12-31": {
            "date": "2011-12-31",
            "filing_date": "2011-12-31",
            "currency_symbol": "CHF",
            "researchDevelopment": "711500000.00",
            "effectOfAccountingCharges": null,
            "incomeBeforeTax": "6025000000.00",
            "minorityInterest": null,
            "netIncome": "4469000000.00",
            "sellingGeneralAdministrative": null,
            "sellingAndMarketingExpenses": "12498500000.00",
            "grossProfit": "19821500000.00",
            "reconciledDepreciation": "787500000.00",
            "ebit": "6563000000.00",
            "ebitda": "8025500000.00",
            "depreciationAndAmortization": "1462500000.00",
            "nonOperatingIncomeNetOther": null,
            "operatingIncome": "6563000000.00",
            "otherOperatingExpenses": "35307000000.00",
            "interestExpense": "263500000.00",
            "taxProvision": null,
            "interestIncome": null,
            "netInterestIncome": null,
            "extraordinaryItems": null,
            "nonRecurring": null,
            "otherItems": null,
            "incomeTaxExpense": "1556000000.00",
            "totalRevenue": "41885000000.00",
            "totalOperatingExpenses": "89500000.00",
            "costOfRevenue": "22063500000.00",
            "totalOtherIncomeExpenseNet": "-538000000.00",
            "discontinuedOperations": null,
            "netIncomeFromContinuingOps": null,
            "netIncomeApplicableToCommonShares": null,
            "preferredStockAndOtherAdjustments": null
        },
        "2011-09-30": {
            "date": "2011-09-30",
            "filing_date": "2011-09-30",
            "currency_symbol": "CHF",
            "researchDevelopment": "355750000.00",
            "effectOfAccountingCharges": null,
            "incomeBeforeTax": "3012500000.00",
            "minorityInterest": null,
            "netIncome": "2234500000.00",
            "sellingGeneralAdministrative": null,
            "sellingAndMarketingExpenses": "6249250000.00",
            "grossProfit": "9910750000.00",
            "reconciledDepreciation": "731250000.00",
            "ebit": "3281500000.00",
            "ebitda": "4012750000.00",
            "depreciationAndAmortization": "731250000.00",
            "nonOperatingIncomeNetOther": null,
            "operatingIncome": "3281500000.00",
            "otherOperatingExpenses": "17653500000.00",
            "interestExpense": "131750000.00",
            "taxProvision": null,
            "interestIncome": null,
            "netInterestIncome": null,
            "extraordinaryItems": null,
            "nonRecurring": null,
            "otherItems": null,
            "incomeTaxExpense": "778000000.00",
            "totalRevenue": "20942500000.00",
            "totalOperatingExpenses": "44750000.00",
            "costOfRevenue": "11031750000.00",
            "totalOtherIncomeExpenseNet": "-269000000.00",
            "discontinuedOperations": null,
            "netIncomeFromContinuingOps": null,
            "netIncomeApplicableToCommonShares": null,
            "preferredStockAndOtherAdjustments": null
        },
        "2011-06-30": {
            "date": "2011-06-30",
            "filing_date": "2011-06-30",
            "currency_symbol": "CHF",
            "researchDevelopment": "711500000.00",
            "effectOfAccountingCharges": null,
            "incomeBeforeTax": "6025000000.00",
            "minorityInterest": null,
            "netIncome": "4469000000.00",
            "sellingGeneralAdministrative": null,
            "sellingAndMarketingExpenses": "12498500000.00",
            "grossProfit": "19821500000.00",
            "reconciledDepreciation": "731250000.00",
            "ebit": "6563000000.00",
            "ebitda": "8025500000.00",
            "depreciationAndAmortization": "1462500000.00",
            "nonOperatingIncomeNetOther": null,
            "operatingIncome": "6563000000.00",
            "otherOperatingExpenses": "35307000000.00",
            "interestExpense": "263500000.00",
            "taxProvision": null,
            "interestIncome": null,
            "netInterestIncome": null,
            "extraordinaryItems": null,
            "nonRecurring": null,
            "otherItems": null,
            "incomeTaxExpense": "1556000000.00",
            "totalRevenue": "41885000000.00",
            "totalOperatingExpenses": "89500000.00",
            "costOfRevenue": "22063500000.00",
            "totalOtherIncomeExpenseNet": "-538000000.00",
            "discontinuedOperations": null,
            "netIncomeFromContinuingOps": null,
            "netIncomeApplicableToCommonShares": null,
            "preferredStockAndOtherAdjustments": null
        },
        "2011-03-31": {
            "date": "2011-03-31",
            "filing_date": "2011-03-31",
            "currency_symbol": "CHF",
            "researchDevelopment": "355750000.00",
            "effectOfAccountingCharges": null,
            "incomeBeforeTax": "3012500000.00",
            "minorityInterest": null,
            "netIncome": "2234500000.00",
            "sellingGeneralAdministrative": null,
            "sellingAndMarketingExpenses": "6249250000.00",
            "grossProfit": "9910750000.00",
            "reconciledDepreciation": "731250000.00",
            "ebit": "3281500000.00",
            "ebitda": "4012750000.00",
            "depreciationAndAmortization": "731250000.00",
            "nonOperatingIncomeNetOther": null,
            "operatingIncome": "3281500000.00",
            "otherOperatingExpenses": "17653500000.00",
            "interestExpense": "131750000.00",
            "taxProvision": null,
            "interestIncome": null,
            "netInterestIncome": null,
            "extraordinaryItems": null,
            "nonRecurring": null,
            "otherItems": null,
            "incomeTaxExpense": "778000000.00",
            "totalRevenue": "20942500000.00",
            "totalOperatingExpenses": "44750000.00",
            "costOfRevenue": "11031750000.00",
            "totalOtherIncomeExpenseNet": "-269000000.00",
            "discontinuedOperations": null,
            "netIncomeFromContinuingOps": null,
            "netIncomeApplicableToCommonShares": null,
            "preferredStockAndOtherAdjustments": null
        },
        "2010-12-31": {
            "date": "2010-12-31",
            "filing_date": "2010-12-31",
            "currency_symbol": "CHF",
            "researchDevelopment": "701500000.00",
            "effectOfAccountingCharges": null,
            "incomeBeforeTax": "5690500000.00",
            "minorityInterest": null,
            "netIncome": "4019000000.00",
            "sellingGeneralAdministrative": "21849500000.00",
            "sellingAndMarketingExpenses": "22198500000.00",
            "grossProfit": "29919000000.00",
            "reconciledDepreciation": "731250000.00",
            "ebit": "19202000000.00",
            "ebitda": "20793000000.00",
            "depreciationAndAmortization": "1591000000.00",
            "nonOperatingIncomeNetOther": null,
            "operatingIncome": "19202000000.00",
            "otherOperatingExpenses": "46235000000.00",
            "interestExpense": "414000000.00",
            "taxProvision": null,
            "interestIncome": null,
            "netInterestIncome": null,
            "extraordinaryItems": null,
            "nonRecurring": null,
            "otherItems": null,
            "incomeTaxExpense": "1671500000.00",
            "totalRevenue": "52306500000.00",
            "totalOperatingExpenses": "1050500000.00",
            "costOfRevenue": "22387500000.00",
            "totalOtherIncomeExpenseNet": "-13511500000.00",
            "discontinuedOperations": null,
            "netIncomeFromContinuingOps": null,
            "netIncomeApplicableToCommonShares": null,
            "preferredStockAndOtherAdjustments": null
        },
        "2010-09-30": {
            "date": "2010-09-30",
            "filing_date": "2010-09-30",
            "currency_symbol": "CHF",
            "researchDevelopment": "350750000.00",
            "effectOfAccountingCharges": null,
            "incomeBeforeTax": "2845250000.00",
            "minorityInterest": null,
            "netIncome": "2009500000.00",
            "sellingGeneralAdministrative": "10924750000.00",
            "sellingAndMarketingExpenses": "11099250000.00",
            "grossProfit": "14959500000.00",
            "reconciledDepreciation": "795500000.00",
            "ebit": "9601000000.00",
            "ebitda": "10396500000.00",
            "depreciationAndAmortization": "795500000.00",
            "nonOperatingIncomeNetOther": null,
            "operatingIncome": "9601000000.00",
            "otherOperatingExpenses": "23117500000.00",
            "interestExpense": "207000000.00",
            "taxProvision": null,
            "interestIncome": null,
            "netInterestIncome": null,
            "extraordinaryItems": null,
            "nonRecurring": null,
            "otherItems": null,
            "incomeTaxExpense": "835750000.00",
            "totalRevenue": "26153250000.00",
            "totalOperatingExpenses": "525250000.00",
            "costOfRevenue": "11193750000.00",
            "totalOtherIncomeExpenseNet": "-6755750000.00",
            "discontinuedOperations": null,
            "netIncomeFromContinuingOps": null,
            "netIncomeApplicableToCommonShares": null,
            "preferredStockAndOtherAdjustments": null
        },
        "2010-06-30": {
            "date": "2010-06-30",
            "filing_date": "2010-06-30",
            "currency_symbol": "CHF",
            "researchDevelopment": "701500000.00",
            "effectOfAccountingCharges": null,
            "incomeBeforeTax": "5690500000.00",
            "minorityInterest": null,
            "netIncome": "4019000000.00",
            "sellingGeneralAdministrative": "21849500000.00",
            "sellingAndMarketingExpenses": "22198500000.00",
            "grossProfit": "29919000000.00",
            "reconciledDepreciation": "795500000.00",
            "ebit": "19202000000.00",
            "ebitda": "20793000000.00",
            "depreciationAndAmortization": "1591000000.00",
            "nonOperatingIncomeNetOther": null,
            "operatingIncome": "19202000000.00",
            "otherOperatingExpenses": "46235000000.00",
            "interestExpense": "414000000.00",
            "taxProvision": null,
            "interestIncome": null,
            "netInterestIncome": null,
            "extraordinaryItems": null,
            "nonRecurring": null,
            "otherItems": null,
            "incomeTaxExpense": "1671500000.00",
            "totalRevenue": "52306500000.00",
            "totalOperatingExpenses": "1050500000.00",
            "costOfRevenue": "22387500000.00",
            "totalOtherIncomeExpenseNet": "-13511500000.00",
            "discontinuedOperations": null,
            "netIncomeFromContinuingOps": null,
            "netIncomeApplicableToCommonShares": null,
            "preferredStockAndOtherAdjustments": null
        },
        "2010-03-31": {
            "date": "2010-03-31",
            "filing_date": "2010-03-31",
            "currency_symbol": "CHF",
            "researchDevelopment": "350750000.00",
            "effectOfAccountingCharges": null,
            "incomeBeforeTax": "2845250000.00",
            "minorityInterest": null,
            "netIncome": "2009500000.00",
            "sellingGeneralAdministrative": "10924750000.00",
            "sellingAndMarketingExpenses": "11099250000.00",
            "grossProfit": "14959500000.00",
            "reconciledDepreciation": "795500000.00",
            "ebit": "9601000000.00",
            "ebitda": "10396500000.00",
            "depreciationAndAmortization": "795500000.00",
            "nonOperatingIncomeNetOther": null,
            "operatingIncome": "9601000000.00",
            "otherOperatingExpenses": "23117500000.00",
            "interestExpense": "207000000.00",
            "taxProvision": null,
            "interestIncome": null,
            "netInterestIncome": null,
            "extraordinaryItems": null,
            "nonRecurring": null,
            "otherItems": null,
            "incomeTaxExpense": "835750000.00",
            "totalRevenue": "26153250000.00",
            "totalOperatingExpenses": "525250000.00",
            "costOfRevenue": "11193750000.00",
            "totalOtherIncomeExpenseNet": "-6755750000.00",
            "discontinuedOperations": null,
            "netIncomeFromContinuingOps": null,
            "netIncomeApplicableToCommonShares": null,
            "preferredStockAndOtherAdjustments": null
        },
        "2009-12-31": {
            "date": "2009-12-31",
            "filing_date": "2009-12-31",
            "currency_symbol": "CHF",
            "researchDevelopment": "678500000.00",
            "effectOfAccountingCharges": null,
            "incomeBeforeTax": "5919000000.00",
            "minorityInterest": null,
            "netIncome": "4375500000.00",
            "sellingGeneralAdministrative": "10924750000.00",
            "sellingAndMarketingExpenses": "21266500000.00",
            "grossProfit": "28556000000.00",
            "reconciledDepreciation": "795500000.00",
            "ebit": "7130000000.00",
            "ebitda": "8814500000.00",
            "depreciationAndAmortization": "1684500000.00",
            "nonOperatingIncomeNetOther": null,
            "operatingIncome": "7130000000.00",
            "otherOperatingExpenses": "44043500000.00",
            "interestExpense": "372500000.00",
            "taxProvision": null,
            "interestIncome": null,
            "netInterestIncome": null,
            "extraordinaryItems": null,
            "nonRecurring": null,
            "otherItems": null,
            "incomeTaxExpense": "1543500000.00",
            "totalRevenue": "50289500000.00",
            "totalOperatingExpenses": "598000000.00",
            "costOfRevenue": "21733500000.00",
            "totalOtherIncomeExpenseNet": "-1211000000.00",
            "discontinuedOperations": null,
            "netIncomeFromContinuingOps": null,
            "netIncomeApplicableToCommonShares": null,
            "preferredStockAndOtherAdjustments": null
        },
        "2009-09-30": {
            "date": "2009-09-30",
            "filing_date": "2009-09-30",
            "currency_symbol": "CHF",
            "researchDevelopment": "339250000.00",
            "effectOfAccountingCharges": null,
            "incomeBeforeTax": "2959500000.00",
            "minorityInterest": null,
            "netIncome": "2187750000.00",
            "sellingGeneralAdministrative": null,
            "sellingAndMarketingExpenses": "10633250000.00",
            "grossProfit": "14278000000.00",
            "reconciledDepreciation": "842250000.00",
            "ebit": "3565000000.00",
            "ebitda": "4407250000.00",
            "depreciationAndAmortization": "842250000.00",
            "nonOperatingIncomeNetOther": null,
            "operatingIncome": "3565000000.00",
            "otherOperatingExpenses": "22021750000.00",
            "interestExpense": "186250000.00",
            "taxProvision": null,
            "interestIncome": null,
            "netInterestIncome": null,
            "extraordinaryItems": null,
            "nonRecurring": null,
            "otherItems": null,
            "incomeTaxExpense": "771750000.00",
            "totalRevenue": "25144750000.00",
            "totalOperatingExpenses": "299000000.00",
            "costOfRevenue": "10866750000.00",
            "totalOtherIncomeExpenseNet": "-605500000.00",
            "discontinuedOperations": null,
            "netIncomeFromContinuingOps": null,
            "netIncomeApplicableToCommonShares": null,
            "preferredStockAndOtherAdjustments": null
        },
        "2009-06-30": {
            "date": "2009-06-30",
            "filing_date": "2009-06-30",
            "currency_symbol": "CHF",
            "researchDevelopment": "678500000.00",
            "effectOfAccountingCharges": null,
            "incomeBeforeTax": "5919000000.00",
            "minorityInterest": null,
            "netIncome": "4375500000.00",
            "sellingGeneralAdministrative": null,
            "sellingAndMarketingExpenses": "21266500000.00",
            "grossProfit": "28556000000.00",
            "reconciledDepreciation": "842250000.00",
            "ebit": "7130000000.00",
            "ebitda": "8814500000.00",
            "depreciationAndAmortization": "1684500000.00",
            "nonOperatingIncomeNetOther": null,
            "operatingIncome": "7130000000.00",
            "otherOperatingExpenses": "44043500000.00",
            "interestExpense": "372500000.00",
            "taxProvision": null,
            "interestIncome": null,
            "netInterestIncome": null,
            "extraordinaryItems": null,
            "nonRecurring": null,
            "otherItems": null,
            "incomeTaxExpense": "1543500000.00",
            "totalRevenue": "50289500000.00",
            "totalOperatingExpenses": "598000000.00",
            "costOfRevenue": "21733500000.00",
            "totalOtherIncomeExpenseNet": "-1211000000.00",
            "discontinuedOperations": null,
            "netIncomeFromContinuingOps": null,
            "netIncomeApplicableToCommonShares": null,
            "preferredStockAndOtherAdjustments": null
        },
        "2009-03-31": {
            "date": "2009-03-31",
            "filing_date": "2009-03-31",
            "currency_symbol": "CHF",
            "researchDevelopment": "339250000.00",
            "effectOfAccountingCharges": null,
            "incomeBeforeTax": "2959500000.00",
            "minorityInterest": null,
            "netIncome": "2187750000.00",
            "sellingGeneralAdministrative": null,
            "sellingAndMarketingExpenses": "10633250000.00",
            "grossProfit": "14278000000.00",
            "reconciledDepreciation": "842250000.00",
            "ebit": "3565000000.00",
            "ebitda": "4407250000.00",
            "depreciationAndAmortization": "842250000.00",
            "nonOperatingIncomeNetOther": null,
            "operatingIncome": "3565000000.00",
            "otherOperatingExpenses": "22021750000.00",
            "interestExpense": "186250000.00",
            "taxProvision": null,
            "interestIncome": null,
            "netInterestIncome": null,
            "extraordinaryItems": null,
            "nonRecurring": null,
            "otherItems": null,
            "incomeTaxExpense": "771750000.00",
            "totalRevenue": "25144750000.00",
            "totalOperatingExpenses": "299000000.00",
            "costOfRevenue": "10866750000.00",
            "totalOtherIncomeExpenseNet": "-605500000.00",
            "discontinuedOperations": null,
            "netIncomeFromContinuingOps": null,
            "netIncomeApplicableToCommonShares": null,
            "preferredStockAndOtherAdjustments": null
        },
        "2008-12-31": {
            "date": "2008-12-31",
            "filing_date": "2009-01-31",
            "currency_symbol": "CHF",
            "researchDevelopment": "988500000.00",
            "effectOfAccountingCharges": null,
            "incomeBeforeTax": "10916500000.00",
            "minorityInterest": null,
            "netIncome": "9023000000.00",
            "sellingGeneralAdministrative": "22384500000.00",
            "sellingAndMarketingExpenses": "22458000000.00",
            "grossProfit": "31284500000.00",
            "reconciledDepreciation": "842250000.00",
            "ebit": "11464000000.00",
            "ebitda": "13088500000.00",
            "depreciationAndAmortization": "1624500000.00",
            "nonOperatingIncomeNetOther": null,
            "operatingIncome": "11464000000.00",
            "otherOperatingExpenses": "43465000000.00",
            "interestExpense": "551000000.00",
            "taxProvision": null,
            "interestIncome": null,
            "netInterestIncome": null,
            "extraordinaryItems": null,
            "nonRecurring": null,
            "otherItems": null,
            "incomeTaxExpense": "1893500000.00",
            "totalRevenue": "54954000000.00",
            "totalOperatingExpenses": "1062000000.00",
            "costOfRevenue": "23669500000.00",
            "totalOtherIncomeExpenseNet": "-547500000.00",
            "discontinuedOperations": null,
            "netIncomeFromContinuingOps": null,
            "netIncomeApplicableToCommonShares": null,
            "preferredStockAndOtherAdjustments": null
        },
        "2008-09-30": {
            "date": "2008-09-30",
            "filing_date": "2008-09-30",
            "currency_symbol": "CHF",
            "researchDevelopment": "494250000.00",
            "effectOfAccountingCharges": null,
            "incomeBeforeTax": "5458250000.00",
            "minorityInterest": null,
            "netIncome": "4511500000.00",
            "sellingGeneralAdministrative": "11192250000.00",
            "sellingAndMarketingExpenses": "11229000000.00",
            "grossProfit": "15642250000.00",
            "reconciledDepreciation": "812250000.00",
            "ebit": "5732000000.00",
            "ebitda": "6544250000.00",
            "depreciationAndAmortization": "812250000.00",
            "nonOperatingIncomeNetOther": null,
            "operatingIncome": "5732000000.00",
            "otherOperatingExpenses": "21732500000.00",
            "interestExpense": "275500000.00",
            "taxProvision": null,
            "interestIncome": null,
            "netInterestIncome": null,
            "extraordinaryItems": null,
            "nonRecurring": null,
            "otherItems": null,
            "incomeTaxExpense": "946750000.00",
            "totalRevenue": "27477000000.00",
            "totalOperatingExpenses": "531000000.00",
            "costOfRevenue": "11834750000.00",
            "totalOtherIncomeExpenseNet": "-273750000.00",
            "discontinuedOperations": null,
            "netIncomeFromContinuingOps": null,
            "netIncomeApplicableToCommonShares": null,
            "preferredStockAndOtherAdjustments": null
        },
        "2008-06-30": {
            "date": "2008-06-30",
            "filing_date": "2008-06-30",
            "currency_symbol": "CHF",
            "researchDevelopment": "988500000.00",
            "effectOfAccountingCharges": null,
            "incomeBeforeTax": "10916500000.00",
            "minorityInterest": null,
            "netIncome": "9023000000.00",
            "sellingGeneralAdministrative": "22384500000.00",
            "sellingAndMarketingExpenses": "22458000000.00",
            "grossProfit": "31284500000.00",
            "reconciledDepreciation": "812250000.00",
            "ebit": "11464000000.00",
            "ebitda": "13088500000.00",
            "depreciationAndAmortization": "1624500000.00",
            "nonOperatingIncomeNetOther": null,
            "operatingIncome": "11464000000.00",
            "otherOperatingExpenses": "43465000000.00",
            "interestExpense": "551000000.00",
            "taxProvision": null,
            "interestIncome": null,
            "netInterestIncome": null,
            "extraordinaryItems": null,
            "nonRecurring": null,
            "otherItems": null,
            "incomeTaxExpense": "1893500000.00",
            "totalRevenue": "54954000000.00",
            "totalOperatingExpenses": "1062000000.00",
            "costOfRevenue": "23669500000.00",
            "totalOtherIncomeExpenseNet": "-547500000.00",
            "discontinuedOperations": null,
            "netIncomeFromContinuingOps": null,
            "netIncomeApplicableToCommonShares": null,
            "preferredStockAndOtherAdjustments": null
        },
        "2008-03-31": {
            "date": "2008-03-31",
            "filing_date": "2008-03-31",
            "currency_symbol": "CHF",
            "researchDevelopment": "494250000.00",
            "effectOfAccountingCharges": null,
            "incomeBeforeTax": "5458250000.00",
            "minorityInterest": null,
            "netIncome": "4511500000.00",
            "sellingGeneralAdministrative": "11192250000.00",
            "sellingAndMarketingExpenses": "11229000000.00",
            "grossProfit": "15642250000.00",
            "reconciledDepreciation": "812250000.00",
            "ebit": "5732000000.00",
            "ebitda": "6544250000.00",
            "depreciationAndAmortization": "812250000.00",
            "nonOperatingIncomeNetOther": null,
            "operatingIncome": "5732000000.00",
            "otherOperatingExpenses": "21732500000.00",
            "interestExpense": "275500000.00",
            "taxProvision": null,
            "interestIncome": null,
            "netInterestIncome": null,
            "extraordinaryItems": null,
            "nonRecurring": null,
            "otherItems": null,
            "incomeTaxExpense": "946750000.00",
            "totalRevenue": "27477000000.00",
            "totalOperatingExpenses": "531000000.00",
            "costOfRevenue": "11834750000.00",
            "totalOtherIncomeExpenseNet": "-273750000.00",
            "discontinuedOperations": null,
            "netIncomeFromContinuingOps": null,
            "netIncomeApplicableToCommonShares": null,
            "preferredStockAndOtherAdjustments": null
        },
        "2007-12-31": {
            "date": "2007-12-31",
            "filing_date": "2008-01-31",
            "currency_symbol": "CHF",
            "researchDevelopment": "937500000.00",
            "effectOfAccountingCharges": null,
            "incomeBeforeTax": "6759000000.00",
            "minorityInterest": null,
            "netIncome": "5051000000.00",
            "sellingGeneralAdministrative": "96000000.00",
            "sellingAndMarketingExpenses": "22808000000.00",
            "grossProfit": "31257500000.00",
            "reconciledDepreciation": "812250000.00",
            "ebit": "7032500000.00",
            "ebitda": "8638000000.00",
            "depreciationAndAmortization": "1605500000.00",
            "nonOperatingIncomeNetOther": null,
            "operatingIncome": "7032500000.00",
            "otherOperatingExpenses": "46168000000.00",
            "interestExpense": "273500000.00",
            "taxProvision": null,
            "interestIncome": null,
            "netInterestIncome": null,
            "extraordinaryItems": null,
            "nonRecurring": null,
            "otherItems": null,
            "incomeTaxExpense": "1708000000.00",
            "totalRevenue": "53776000000.00",
            "totalOperatingExpenses": "23649500000.00",
            "costOfRevenue": "22518500000.00",
            "totalOtherIncomeExpenseNet": "-273500000.00",
            "discontinuedOperations": null,
            "netIncomeFromContinuingOps": null,
            "netIncomeApplicableToCommonShares": null,
            "preferredStockAndOtherAdjustments": null
        },
        "2007-09-30": {
            "date": "2007-09-30",
            "filing_date": "2007-09-30",
            "currency_symbol": "CHF",
            "researchDevelopment": "468750000.00",
            "effectOfAccountingCharges": null,
            "incomeBeforeTax": "3379500000.00",
            "minorityInterest": null,
            "netIncome": "2525500000.00",
            "sellingGeneralAdministrative": "48000000.00",
            "sellingAndMarketingExpenses": "11404000000.00",
            "grossProfit": "15628750000.00",
            "reconciledDepreciation": "802750000.00",
            "ebit": "3516250000.00",
            "ebitda": "4319000000.00",
            "depreciationAndAmortization": "802750000.00",
            "nonOperatingIncomeNetOther": null,
            "operatingIncome": "3516250000.00",
            "otherOperatingExpenses": "23084000000.00",
            "interestExpense": "136750000.00",
            "taxProvision": null,
            "interestIncome": null,
            "netInterestIncome": null,
            "extraordinaryItems": null,
            "nonRecurring": null,
            "otherItems": null,
            "incomeTaxExpense": "854000000.00",
            "totalRevenue": "26888000000.00",
            "totalOperatingExpenses": "11824750000.00",
            "costOfRevenue": "11259250000.00",
            "totalOtherIncomeExpenseNet": "-136750000.00",
            "discontinuedOperations": null,
            "netIncomeFromContinuingOps": null,
            "netIncomeApplicableToCommonShares": null,
            "preferredStockAndOtherAdjustments": null
        },
        "2007-06-30": {
            "date": "2007-06-30",
            "filing_date": "2007-06-30",
            "currency_symbol": "CHF",
            "researchDevelopment": "937500000.00",
            "effectOfAccountingCharges": null,
            "incomeBeforeTax": "6759000000.00",
            "minorityInterest": null,
            "netIncome": "5051000000.00",
            "sellingGeneralAdministrative": "96000000.00",
            "sellingAndMarketingExpenses": "22808000000.00",
            "grossProfit": "31257500000.00",
            "reconciledDepreciation": "802750000.00",
            "ebit": "7032500000.00",
            "ebitda": "8638000000.00",
            "depreciationAndAmortization": "1605500000.00",
            "nonOperatingIncomeNetOther": null,
            "operatingIncome": "7032500000.00",
            "otherOperatingExpenses": "46168000000.00",
            "interestExpense": "273500000.00",
            "taxProvision": null,
            "interestIncome": null,
            "netInterestIncome": null,
            "extraordinaryItems": null,
            "nonRecurring": null,
            "otherItems": null,
            "incomeTaxExpense": "1708000000.00",
            "totalRevenue": "53776000000.00",
            "totalOperatingExpenses": "23649500000.00",
            "costOfRevenue": "22518500000.00",
            "totalOtherIncomeExpenseNet": "-273500000.00",
            "discontinuedOperations": null,
            "netIncomeFromContinuingOps": null,
            "netIncomeApplicableToCommonShares": null,
            "preferredStockAndOtherAdjustments": null
        },
        "2007-03-31": {
            "date": "2007-03-31",
            "filing_date": "2007-03-31",
            "currency_symbol": "CHF",
            "researchDevelopment": "468750000.00",
            "effectOfAccountingCharges": null,
            "incomeBeforeTax": "3379500000.00",
            "minorityInterest": null,
            "netIncome": "2525500000.00",
            "sellingGeneralAdministrative": "48000000.00",
            "sellingAndMarketingExpenses": "11404000000.00",
            "grossProfit": "15628750000.00",
            "reconciledDepreciation": "802750000.00",
            "ebit": "3516250000.00",
            "ebitda": "4319000000.00",
            "depreciationAndAmortization": "802750000.00",
            "nonOperatingIncomeNetOther": null,
            "operatingIncome": "3516250000.00",
            "otherOperatingExpenses": "23084000000.00",
            "interestExpense": "136750000.00",
            "taxProvision": null,
            "interestIncome": null,
            "netInterestIncome": null,
            "extraordinaryItems": null,
            "nonRecurring": null,
            "otherItems": null,
            "incomeTaxExpense": "854000000.00",
            "totalRevenue": "26888000000.00",
            "totalOperatingExpenses": "11824750000.00",
            "costOfRevenue": "11259250000.00",
            "totalOtherIncomeExpenseNet": "-136750000.00",
            "discontinuedOperations": null,
            "netIncomeFromContinuingOps": null,
            "netIncomeApplicableToCommonShares": null,
            "preferredStockAndOtherAdjustments": null
        },
        "2006-12-31": {
            "date": "2006-12-31",
            "filing_date": "2007-01-31",
            "currency_symbol": "CHF",
            "researchDevelopment": "867000000.00",
            "effectOfAccountingCharges": null,
            "incomeBeforeTax": "6052500000.00",
            "minorityInterest": null,
            "netIncome": "4406000000.00",
            "sellingGeneralAdministrative": "48000000.00",
            "sellingAndMarketingExpenses": "21354500000.00",
            "grossProfit": "28872500000.00",
            "reconciledDepreciation": "802750000.00",
            "ebit": "6245000000.00",
            "ebitda": "7775500000.00",
            "depreciationAndAmortization": "1530500000.00",
            "nonOperatingIncomeNetOther": null,
            "operatingIncome": "6245000000.00",
            "otherOperatingExpenses": "42836000000.00",
            "interestExpense": "192500000.00",
            "taxProvision": null,
            "interestIncome": null,
            "netInterestIncome": null,
            "extraordinaryItems": null,
            "nonRecurring": null,
            "otherItems": null,
            "incomeTaxExpense": "1646500000.00",
            "totalRevenue": "49229000000.00",
            "totalOperatingExpenses": "258000000.00",
            "costOfRevenue": "20356500000.00",
            "totalOtherIncomeExpenseNet": "-192500000.00",
            "discontinuedOperations": null,
            "netIncomeFromContinuingOps": null,
            "netIncomeApplicableToCommonShares": null,
            "preferredStockAndOtherAdjustments": null
        },
        "2006-09-30": {
            "date": "2006-09-30",
            "filing_date": "2006-09-30",
            "currency_symbol": "CHF",
            "researchDevelopment": "433500000.00",
            "effectOfAccountingCharges": null,
            "incomeBeforeTax": "3026250000.00",
            "minorityInterest": null,
            "netIncome": "2203000000.00",
            "sellingGeneralAdministrative": null,
            "sellingAndMarketingExpenses": "10677250000.00",
            "grossProfit": "14436250000.00",
            "reconciledDepreciation": "765250000.00",
            "ebit": "3122500000.00",
            "ebitda": "3887750000.00",
            "depreciationAndAmortization": "765250000.00",
            "nonOperatingIncomeNetOther": null,
            "operatingIncome": "3122500000.00",
            "otherOperatingExpenses": "21418000000.00",
            "interestExpense": "96250000.00",
            "taxProvision": null,
            "interestIncome": null,
            "netInterestIncome": null,
            "extraordinaryItems": null,
            "nonRecurring": null,
            "otherItems": null,
            "incomeTaxExpense": "823250000.00",
            "totalRevenue": "24614500000.00",
            "totalOperatingExpenses": "129000000.00",
            "costOfRevenue": "10178250000.00",
            "totalOtherIncomeExpenseNet": "-96250000.00",
            "discontinuedOperations": null,
            "netIncomeFromContinuingOps": null,
            "netIncomeApplicableToCommonShares": null,
            "preferredStockAndOtherAdjustments": null
        },
        "2006-06-30": {
            "date": "2006-06-30",
            "filing_date": "2006-06-30",
            "currency_symbol": "CHF",
            "researchDevelopment": "867000000.00",
            "effectOfAccountingCharges": null,
            "incomeBeforeTax": "6052500000.00",
            "minorityInterest": null,
            "netIncome": "4406000000.00",
            "sellingGeneralAdministrative": null,
            "sellingAndMarketingExpenses": "21354500000.00",
            "grossProfit": "28872500000.00",
            "reconciledDepreciation": "765250000.00",
            "ebit": "6245000000.00",
            "ebitda": "7775500000.00",
            "depreciationAndAmortization": "1530500000.00",
            "nonOperatingIncomeNetOther": null,
            "operatingIncome": "6245000000.00",
            "otherOperatingExpenses": "42836000000.00",
            "interestExpense": "192500000.00",
            "taxProvision": null,
            "interestIncome": null,
            "netInterestIncome": null,
            "extraordinaryItems": null,
            "nonRecurring": null,
            "otherItems": null,
            "incomeTaxExpense": "1646500000.00",
            "totalRevenue": "49229000000.00",
            "totalOperatingExpenses": "258000000.00",
            "costOfRevenue": "20356500000.00",
            "totalOtherIncomeExpenseNet": "-192500000.00",
            "discontinuedOperations": null,
            "netIncomeFromContinuingOps": null,
            "netIncomeApplicableToCommonShares": null,
            "preferredStockAndOtherAdjustments": null
        },
        "2006-03-31": {
            "date": "2006-03-31",
            "filing_date": "2006-03-31",
            "currency_symbol": "CHF",
            "researchDevelopment": "433500000.00",
            "effectOfAccountingCharges": null,
            "incomeBeforeTax": "3026250000.00",
            "minorityInterest": null,
            "netIncome": "2203000000.00",
            "sellingGeneralAdministrative": null,
            "sellingAndMarketingExpenses": "10677250000.00",
            "grossProfit": "14436250000.00",
            "reconciledDepreciation": "765250000.00",
            "ebit": "3122500000.00",
            "ebitda": "3887750000.00",
            "depreciationAndAmortization": "765250000.00",
            "nonOperatingIncomeNetOther": null,
            "operatingIncome": "3122500000.00",
            "otherOperatingExpenses": "21418000000.00",
            "interestExpense": "96250000.00",
            "taxProvision": null,
            "interestIncome": null,
            "netInterestIncome": null,
            "extraordinaryItems": null,
            "nonRecurring": null,
            "otherItems": null,
            "incomeTaxExpense": "823250000.00",
            "totalRevenue": "24614500000.00",
            "totalOperatingExpenses": "129000000.00",
            "costOfRevenue": "10178250000.00",
            "totalOtherIncomeExpenseNet": "-96250000.00",
            "discontinuedOperations": null,
            "netIncomeFromContinuingOps": null,
            "netIncomeApplicableToCommonShares": null,
            "preferredStockAndOtherAdjustments": null
        },
        "2005-12-31": {
            "date": "2005-12-31",
            "filing_date": "2006-01-31",
            "currency_symbol": "CHF",
            "researchDevelopment": "749500000.00",
            "effectOfAccountingCharges": null,
            "incomeBeforeTax": "5113000000.00",
            "minorityInterest": null,
            "netIncome": "3814500000.00",
            "sellingGeneralAdministrative": null,
            "sellingAndMarketingExpenses": "19955000000.00",
            "grossProfit": "26564500000.00",
            "reconciledDepreciation": "765250000.00",
            "ebit": "5296000000.00",
            "ebitda": "6660000000.00",
            "depreciationAndAmortization": "1364000000.00",
            "nonOperatingIncomeNetOther": null,
            "operatingIncome": "5296000000.00",
            "otherOperatingExpenses": "40137500000.00",
            "interestExpense": "183000000.00",
            "taxProvision": null,
            "interestIncome": null,
            "netInterestIncome": null,
            "extraordinaryItems": null,
            "nonRecurring": null,
            "otherItems": null,
            "incomeTaxExpense": "1298500000.00",
            "totalRevenue": "45537500000.00",
            "totalOperatingExpenses": "460000000.00",
            "costOfRevenue": "18973000000.00",
            "totalOtherIncomeExpenseNet": "-183000000.00",
            "discontinuedOperations": null,
            "netIncomeFromContinuingOps": null,
            "netIncomeApplicableToCommonShares": null,
            "preferredStockAndOtherAdjustments": null
        },
        "2005-09-30": {
            "date": "2005-09-30",
            "filing_date": "2005-09-30",
            "currency_symbol": "CHF",
            "researchDevelopment": "374750000.00",
            "effectOfAccountingCharges": null,
            "incomeBeforeTax": "2556500000.00",
            "minorityInterest": null,
            "netIncome": "1907250000.00",
            "sellingGeneralAdministrative": null,
            "sellingAndMarketingExpenses": "9977500000.00",
            "grossProfit": "13282250000.00",
            "reconciledDepreciation": "682000000.00",
            "ebit": "2648000000.00",
            "ebitda": "3330000000.00",
            "depreciationAndAmortization": "682000000.00",
            "nonOperatingIncomeNetOther": null,
            "operatingIncome": "2648000000.00",
            "otherOperatingExpenses": "20068750000.00",
            "interestExpense": "91500000.00",
            "taxProvision": null,
            "interestIncome": null,
            "netInterestIncome": null,
            "extraordinaryItems": null,
            "nonRecurring": null,
            "otherItems": null,
            "incomeTaxExpense": "649250000.00",
            "totalRevenue": "22768750000.00",
            "totalOperatingExpenses": "230000000.00",
            "costOfRevenue": "9486500000.00",
            "totalOtherIncomeExpenseNet": "-91500000.00",
            "discontinuedOperations": null,
            "netIncomeFromContinuingOps": null,
            "netIncomeApplicableToCommonShares": null,
            "preferredStockAndOtherAdjustments": null
        },
        "2005-06-30": {
            "date": "2005-06-30",
            "filing_date": "2005-06-30",
            "currency_symbol": "CHF",
            "researchDevelopment": "749500000.00",
            "effectOfAccountingCharges": null,
            "incomeBeforeTax": "5113000000.00",
            "minorityInterest": null,
            "netIncome": "3814500000.00",
            "sellingGeneralAdministrative": null,
            "sellingAndMarketingExpenses": "19955000000.00",
            "grossProfit": "26564500000.00",
            "reconciledDepreciation": "682000000.00",
            "ebit": "5296000000.00",
            "ebitda": "6660000000.00",
            "depreciationAndAmortization": "1364000000.00",
            "nonOperatingIncomeNetOther": null,
            "operatingIncome": "5296000000.00",
            "otherOperatingExpenses": "40137500000.00",
            "interestExpense": "183000000.00",
            "taxProvision": null,
            "interestIncome": null,
            "netInterestIncome": null,
            "extraordinaryItems": null,
            "nonRecurring": null,
            "otherItems": null,
            "incomeTaxExpense": "1298500000.00",
            "totalRevenue": "45537500000.00",
            "totalOperatingExpenses": "460000000.00",
            "costOfRevenue": "18973000000.00",
            "totalOtherIncomeExpenseNet": "-183000000.00",
            "discontinuedOperations": null,
            "netIncomeFromContinuingOps": null,
            "netIncomeApplicableToCommonShares": null,
            "preferredStockAndOtherAdjustments": null
        },
        "2005-03-31": {
            "date": "2005-03-31",
            "filing_date": "2005-03-31",
            "currency_symbol": "CHF",
            "researchDevelopment": "374750000.00",
            "effectOfAccountingCharges": null,
            "incomeBeforeTax": "2556500000.00",
            "minorityInterest": null,
            "netIncome": "1907250000.00",
            "sellingGeneralAdministrative": null,
            "sellingAndMarketingExpenses": "9977500000.00",
            "grossProfit": "13282250000.00",
            "reconciledDepreciation": "682000000.00",
            "ebit": "2648000000.00",
            "ebitda": "3330000000.00",
            "depreciationAndAmortization": "682000000.00",
            "nonOperatingIncomeNetOther": null,
            "operatingIncome": "2648000000.00",
            "otherOperatingExpenses": "20068750000.00",
            "interestExpense": "91500000.00",
            "taxProvision": null,
            "interestIncome": null,
            "netInterestIncome": null,
            "extraordinaryItems": null,
            "nonRecurring": null,
            "otherItems": null,
            "incomeTaxExpense": "649250000.00",
            "totalRevenue": "22768750000.00",
            "totalOperatingExpenses": "230000000.00",
            "costOfRevenue": "9486500000.00",
            "totalOtherIncomeExpenseNet": "-91500000.00",
            "discontinuedOperations": null,
            "netIncomeFromContinuingOps": null,
            "netIncomeApplicableToCommonShares": null,
            "preferredStockAndOtherAdjustments": null
        },
        "2004-12-31": {
            "date": "2004-12-31",
            "filing_date": "2005-01-31",
            "currency_symbol": "CHF",
            "researchDevelopment": "706500000.00",
            "effectOfAccountingCharges": null,
            "incomeBeforeTax": "4001500000.00",
            "minorityInterest": null,
            "netIncome": "2775500000.00",
            "sellingGeneralAdministrative": "3522500000.00",
            "sellingAndMarketingExpenses": "15597500000.00",
            "grossProfit": "25311500000.00",
            "reconciledDepreciation": "682000000.00",
            "ebit": "4919000000.00",
            "ebitda": "7110500000.00",
            "depreciationAndAmortization": "2191500000.00",
            "nonOperatingIncomeNetOther": null,
            "operatingIncome": "4919000000.00",
            "otherOperatingExpenses": "38699000000.00",
            "interestExpense": "334500000.00",
            "taxProvision": null,
            "interestIncome": null,
            "netInterestIncome": null,
            "extraordinaryItems": null,
            "nonRecurring": null,
            "otherItems": null,
            "incomeTaxExpense": "1226000000.00",
            "totalRevenue": "43384500000.00",
            "totalOperatingExpenses": "20626000000.00",
            "costOfRevenue": "18073000000.00",
            "totalOtherIncomeExpenseNet": "-917500000.00",
            "discontinuedOperations": null,
            "netIncomeFromContinuingOps": null,
            "netIncomeApplicableToCommonShares": null,
            "preferredStockAndOtherAdjustments": null
        },
        "2004-09-30": {
            "date": "2004-09-30",
            "filing_date": "2004-09-30",
            "currency_symbol": "CHF",
            "researchDevelopment": "353250000.00",
            "effectOfAccountingCharges": null,
            "incomeBeforeTax": "2000750000.00",
            "minorityInterest": null,
            "netIncome": "1387750000.00",
            "sellingGeneralAdministrative": "1761250000.00",
            "sellingAndMarketingExpenses": "7798750000.00",
            "grossProfit": "12655750000.00",
            "reconciledDepreciation": "399750000.00",
            "ebit": "2459500000.00",
            "ebitda": "3555250000.00",
            "depreciationAndAmortization": "1095750000.00",
            "nonOperatingIncomeNetOther": null,
            "operatingIncome": "2459500000.00",
            "otherOperatingExpenses": "19349500000.00",
            "interestExpense": "167250000.00",
            "taxProvision": null,
            "interestIncome": null,
            "netInterestIncome": null,
            "extraordinaryItems": null,
            "nonRecurring": null,
            "otherItems": null,
            "incomeTaxExpense": "613000000.00",
            "totalRevenue": "21692250000.00",
            "totalOperatingExpenses": "10313000000.00",
            "costOfRevenue": "9036500000.00",
            "totalOtherIncomeExpenseNet": "-458750000.00",
            "discontinuedOperations": null,
            "netIncomeFromContinuingOps": null,
            "netIncomeApplicableToCommonShares": null,
            "preferredStockAndOtherAdjustments": null
        },
        "2004-06-30": {
            "date": "2004-06-30",
            "filing_date": "2004-06-30",
            "currency_symbol": "CHF",
            "researchDevelopment": "706500000.00",
            "effectOfAccountingCharges": null,
            "incomeBeforeTax": "4001500000.00",
            "minorityInterest": null,
            "netIncome": "2775500000.00",
            "sellingGeneralAdministrative": "3522500000.00",
            "sellingAndMarketingExpenses": "15597500000.00",
            "grossProfit": "25311500000.00",
            "reconciledDepreciation": "399750000.00",
            "ebit": "4919000000.00",
            "ebitda": "7110500000.00",
            "depreciationAndAmortization": "2191500000.00",
            "nonOperatingIncomeNetOther": null,
            "operatingIncome": "4919000000.00",
            "otherOperatingExpenses": "38699000000.00",
            "interestExpense": "334500000.00",
            "taxProvision": null,
            "interestIncome": null,
            "netInterestIncome": null,
            "extraordinaryItems": null,
            "nonRecurring": null,
            "otherItems": null,
            "incomeTaxExpense": "1226000000.00",
            "totalRevenue": "43384500000.00",
            "totalOperatingExpenses": "20626000000.00",
            "costOfRevenue": "18073000000.00",
            "totalOtherIncomeExpenseNet": "-917500000.00",
            "discontinuedOperations": null,
            "netIncomeFromContinuingOps": null,
            "netIncomeApplicableToCommonShares": null,
            "preferredStockAndOtherAdjustments": null
        },
        "2004-03-31": {
            "date": "2004-03-31",
            "filing_date": "2004-03-31",
            "currency_symbol": "CHF",
            "researchDevelopment": "353250000.00",
            "effectOfAccountingCharges": null,
            "incomeBeforeTax": "2000750000.00",
            "minorityInterest": null,
            "netIncome": "1387750000.00",
            "sellingGeneralAdministrative": "1761250000.00",
            "sellingAndMarketingExpenses": "7798750000.00",
            "grossProfit": "12655750000.00",
            "reconciledDepreciation": "399750000.00",
            "ebit": "2459500000.00",
            "ebitda": "3555250000.00",
            "depreciationAndAmortization": "1095750000.00",
            "nonOperatingIncomeNetOther": null,
            "operatingIncome": "2459500000.00",
            "otherOperatingExpenses": "19349500000.00",
            "interestExpense": "167250000.00",
            "taxProvision": null,
            "interestIncome": null,
            "netInterestIncome": null,
            "extraordinaryItems": null,
            "nonRecurring": null,
            "otherItems": null,
            "incomeTaxExpense": "613000000.00",
            "totalRevenue": "21692250000.00",
            "totalOperatingExpenses": "10313000000.00",
            "costOfRevenue": "9036500000.00",
            "totalOtherIncomeExpenseNet": "-458750000.00",
            "discontinuedOperations": null,
            "netIncomeFromContinuingOps": null,
            "netIncomeApplicableToCommonShares": null,
            "preferredStockAndOtherAdjustments": null
        },
        "2003-12-31": {
            "date": "2003-12-31",
            "filing_date": "2004-01-31",
            "currency_symbol": "CHF",
            "researchDevelopment": "602500000.00",
            "effectOfAccountingCharges": null,
            "incomeBeforeTax": "4153500000.00",
            "minorityInterest": null,
            "netIncome": "3000000000.00",
            "sellingGeneralAdministrative": "3552000000.00",
            "sellingAndMarketingExpenses": "15540500000.00",
            "grossProfit": "25198000000.00",
            "reconciledDepreciation": "399750000.00",
            "ebit": "4861000000.00",
            "ebitda": "6978000000.00",
            "depreciationAndAmortization": "2117000000.00",
            "nonOperatingIncomeNetOther": null,
            "operatingIncome": "4861000000.00",
            "otherOperatingExpenses": "39272000000.00",
            "interestExpense": "601000000.00",
            "taxProvision": null,
            "interestIncome": null,
            "netInterestIncome": null,
            "extraordinaryItems": null,
            "nonRecurring": null,
            "otherItems": null,
            "incomeTaxExpense": "1153500000.00",
            "totalRevenue": "43989500000.00",
            "totalOperatingExpenses": "20480500000.00",
            "costOfRevenue": "18791500000.00",
            "totalOtherIncomeExpenseNet": "-707500000.00",
            "discontinuedOperations": null,
            "netIncomeFromContinuingOps": null,
            "netIncomeApplicableToCommonShares": null,
            "preferredStockAndOtherAdjustments": null
        },
        "2003-09-30": {
            "date": "2003-09-30",
            "filing_date": "2003-09-30",
            "currency_symbol": "CHF",
            "researchDevelopment": "301250000.00",
            "effectOfAccountingCharges": null,
            "incomeBeforeTax": "2076750000.00",
            "minorityInterest": null,
            "netIncome": "1500000000.00",
            "sellingGeneralAdministrative": "1776000000.00",
            "sellingAndMarketingExpenses": "7770250000.00",
            "grossProfit": "12599000000.00",
            "reconciledDepreciation": "392750000.00",
            "ebit": "2430500000.00",
            "ebitda": "3489000000.00",
            "depreciationAndAmortization": "1058500000.00",
            "nonOperatingIncomeNetOther": null,
            "operatingIncome": "2430500000.00",
            "otherOperatingExpenses": "19636000000.00",
            "interestExpense": "300500000.00",
            "taxProvision": null,
            "interestIncome": null,
            "netInterestIncome": null,
            "extraordinaryItems": null,
            "nonRecurring": null,
            "otherItems": null,
            "incomeTaxExpense": "576750000.00",
            "totalRevenue": "21994750000.00",
            "totalOperatingExpenses": "10240250000.00",
            "costOfRevenue": "9395750000.00",
            "totalOtherIncomeExpenseNet": "-353750000.00",
            "discontinuedOperations": null,
            "netIncomeFromContinuingOps": null,
            "netIncomeApplicableToCommonShares": null,
            "preferredStockAndOtherAdjustments": null
        },
        "2003-06-30": {
            "date": "2003-06-30",
            "filing_date": "2003-06-30",
            "currency_symbol": "CHF",
            "researchDevelopment": "602500000.00",
            "effectOfAccountingCharges": null,
            "incomeBeforeTax": "4153500000.00",
            "minorityInterest": null,
            "netIncome": "3000000000.00",
            "sellingGeneralAdministrative": "3552000000.00",
            "sellingAndMarketingExpenses": "15540500000.00",
            "grossProfit": "25198000000.00",
            "reconciledDepreciation": "392750000.00",
            "ebit": "4861000000.00",
            "ebitda": "6978000000.00",
            "depreciationAndAmortization": "2117000000.00",
            "nonOperatingIncomeNetOther": null,
            "operatingIncome": "4861000000.00",
            "otherOperatingExpenses": "39272000000.00",
            "interestExpense": "601000000.00",
            "taxProvision": null,
            "interestIncome": null,
            "netInterestIncome": null,
            "extraordinaryItems": null,
            "nonRecurring": null,
            "otherItems": null,
            "incomeTaxExpense": "1153500000.00",
            "totalRevenue": "43989500000.00",
            "totalOperatingExpenses": "20480500000.00",
            "costOfRevenue": "18791500000.00",
            "totalOtherIncomeExpenseNet": "-707500000.00",
            "discontinuedOperations": null,
            "netIncomeFromContinuingOps": null,
            "netIncomeApplicableToCommonShares": null,
            "preferredStockAndOtherAdjustments": null
        },
        "2003-03-31": {
            "date": "2003-03-31",
            "filing_date": "2003-03-31",
            "currency_symbol": "CHF",
            "researchDevelopment": "301250000.00",
            "effectOfAccountingCharges": null,
            "incomeBeforeTax": "2076750000.00",
            "minorityInterest": null,
            "netIncome": "1500000000.00",
            "sellingGeneralAdministrative": "1776000000.00",
            "sellingAndMarketingExpenses": "7770250000.00",
            "grossProfit": "12599000000.00",
            "reconciledDepreciation": "392750000.00",
            "ebit": "2430500000.00",
            "ebitda": "3489000000.00",
            "depreciationAndAmortization": "1058500000.00",
            "nonOperatingIncomeNetOther": null,
            "operatingIncome": "2430500000.00",
            "otherOperatingExpenses": "19636000000.00",
            "interestExpense": "300500000.00",
            "taxProvision": null,
            "interestIncome": null,
            "netInterestIncome": null,
            "extraordinaryItems": null,
            "nonRecurring": null,
            "otherItems": null,
            "incomeTaxExpense": "576750000.00",
            "totalRevenue": "21994750000.00",
            "totalOperatingExpenses": "10240250000.00",
            "costOfRevenue": "9395750000.00",
            "totalOtherIncomeExpenseNet": "-353750000.00",
            "discontinuedOperations": null,
            "netIncomeFromContinuingOps": null,
            "netIncomeApplicableToCommonShares": null,
            "preferredStockAndOtherAdjustments": null
        },
        "2002-12-31": {
            "date": "2002-12-31",
            "filing_date": "2003-01-31",
            "currency_symbol": "CHF",
            "researchDevelopment": "604000000.00",
            "effectOfAccountingCharges": null,
            "incomeBeforeTax": "4842000000.00",
            "minorityInterest": null,
            "netIncome": "3694500000.00",
            "sellingGeneralAdministrative": "12668000000.00",
            "sellingAndMarketingExpenses": "3556000000.00",
            "grossProfit": "25319500000.00",
            "reconciledDepreciation": "392750000.00",
            "ebit": "4929500000.00",
            "ebitda": "6200500000.00",
            "depreciationAndAmortization": "1271000000.00",
            "nonOperatingIncomeNetOther": null,
            "operatingIncome": "4929500000.00",
            "otherOperatingExpenses": "40248500000.00",
            "interestExpense": "87500000.00",
            "taxProvision": null,
            "interestIncome": null,
            "netInterestIncome": null,
            "extraordinaryItems": null,
            "nonRecurring": null,
            "otherItems": null,
            "incomeTaxExpense": "1147500000.00",
            "totalRevenue": "44580000000.00",
            "totalOperatingExpenses": "16828000000.00",
            "costOfRevenue": "19260500000.00",
            "totalOtherIncomeExpenseNet": "-87500000.00",
            "discontinuedOperations": null,
            "netIncomeFromContinuingOps": null,
            "netIncomeApplicableToCommonShares": null,
            "preferredStockAndOtherAdjustments": null
        },
        "2002-09-30": {
            "date": "2002-09-30",
            "filing_date": "2002-09-30",
            "currency_symbol": "CHF",
            "researchDevelopment": "302000000.00",
            "effectOfAccountingCharges": null,
            "incomeBeforeTax": "2421000000.00",
            "minorityInterest": null,
            "netIncome": "1847250000.00",
            "sellingGeneralAdministrative": "6334000000.00",
            "sellingAndMarketingExpenses": "1778000000.00",
            "grossProfit": "12659750000.00",
            "reconciledDepreciation": "635500000.00",
            "ebit": "2464750000.00",
            "ebitda": "3100250000.00",
            "depreciationAndAmortization": "635500000.00",
            "nonOperatingIncomeNetOther": null,
            "operatingIncome": "2464750000.00",
            "otherOperatingExpenses": "20124250000.00",
            "interestExpense": "43750000.00",
            "taxProvision": null,
            "interestIncome": null,
            "netInterestIncome": null,
            "extraordinaryItems": null,
            "nonRecurring": null,
            "otherItems": null,
            "incomeTaxExpense": "573750000.00",
            "totalRevenue": "22290000000.00",
            "totalOperatingExpenses": "8414000000.00",
            "costOfRevenue": "9630250000.00",
            "totalOtherIncomeExpenseNet": "-43750000.00",
            "discontinuedOperations": null,
            "netIncomeFromContinuingOps": null,
            "netIncomeApplicableToCommonShares": null,
            "preferredStockAndOtherAdjustments": null
        },
        "2002-06-30": {
            "date": "2002-06-30",
            "filing_date": "2002-06-30",
            "currency_symbol": "CHF",
            "researchDevelopment": "604000000.00",
            "effectOfAccountingCharges": null,
            "incomeBeforeTax": "4842000000.00",
            "minorityInterest": null,
            "netIncome": "3694500000.00",
            "sellingGeneralAdministrative": "12668000000.00",
            "sellingAndMarketingExpenses": "3556000000.00",
            "grossProfit": "25319500000.00",
            "reconciledDepreciation": "635500000.00",
            "ebit": "4929500000.00",
            "ebitda": "6200500000.00",
            "depreciationAndAmortization": "1271000000.00",
            "nonOperatingIncomeNetOther": null,
            "operatingIncome": "4929500000.00",
            "otherOperatingExpenses": "40248500000.00",
            "interestExpense": "87500000.00",
            "taxProvision": null,
            "interestIncome": null,
            "netInterestIncome": null,
            "extraordinaryItems": null,
            "nonRecurring": null,
            "otherItems": null,
            "incomeTaxExpense": "1147500000.00",
            "totalRevenue": "44580000000.00",
            "totalOperatingExpenses": "16828000000.00",
            "costOfRevenue": "19260500000.00",
            "totalOtherIncomeExpenseNet": "-87500000.00",
            "discontinuedOperations": null,
            "netIncomeFromContinuingOps": null,
            "netIncomeApplicableToCommonShares": null,
            "preferredStockAndOtherAdjustments": null
        },
        "2002-03-31": {
            "date": "2002-03-31",
            "filing_date": "2002-03-31",
            "currency_symbol": "CHF",
            "researchDevelopment": "302000000.00",
            "effectOfAccountingCharges": null,
            "incomeBeforeTax": "2421000000.00",
            "minorityInterest": null,
            "netIncome": "1847250000.00",
            "sellingGeneralAdministrative": "6334000000.00",
            "sellingAndMarketingExpenses": "1778000000.00",
            "grossProfit": "12659750000.00",
            "reconciledDepreciation": "635500000.00",
            "ebit": "2464750000.00",
            "ebitda": "3100250000.00",
            "depreciationAndAmortization": "635500000.00",
            "nonOperatingIncomeNetOther": null,
            "operatingIncome": "2464750000.00",
            "otherOperatingExpenses": "20124250000.00",
            "interestExpense": "43750000.00",
            "taxProvision": null,
            "interestIncome": null,
            "netInterestIncome": null,
            "extraordinaryItems": null,
            "nonRecurring": null,
            "otherItems": null,
            "incomeTaxExpense": "573750000.00",
            "totalRevenue": "22290000000.00",
            "totalOperatingExpenses": "8414000000.00",
            "costOfRevenue": "9630250000.00",
            "totalOtherIncomeExpenseNet": "-43750000.00",
            "discontinuedOperations": null,
            "netIncomeFromContinuingOps": null,
            "netIncomeApplicableToCommonShares": null,
            "preferredStockAndOtherAdjustments": null
        },
        "2001-12-31": {
            "date": "2001-12-31",
            "filing_date": "2002-01-31",
            "currency_symbol": "CHF",
            "researchDevelopment": "581000000.00",
            "effectOfAccountingCharges": null,
            "incomeBeforeTax": "4383500000.00",
            "minorityInterest": null,
            "netIncome": "3169000000.00",
            "sellingGeneralAdministrative": "14686000000.00",
            "sellingAndMarketingExpenses": "3210500000.00",
            "grossProfit": "23471000000.00",
            "reconciledDepreciation": "635500000.00",
            "ebit": "4555000000.00",
            "ebitda": "5845500000.00",
            "depreciationAndAmortization": "1290500000.00",
            "nonOperatingIncomeNetOther": null,
            "operatingIncome": "4555000000.00",
            "otherOperatingExpenses": "37602500000.00",
            "interestExpense": "171500000.00",
            "taxProvision": null,
            "interestIncome": null,
            "netInterestIncome": null,
            "extraordinaryItems": null,
            "nonRecurring": null,
            "otherItems": null,
            "incomeTaxExpense": "1214500000.00",
            "totalRevenue": "42349000000.00",
            "totalOperatingExpenses": "18724500000.00",
            "costOfRevenue": "18878000000.00",
            "totalOtherIncomeExpenseNet": "-171500000.00",
            "discontinuedOperations": null,
            "netIncomeFromContinuingOps": null,
            "netIncomeApplicableToCommonShares": null,
            "preferredStockAndOtherAdjustments": null
        },
        "2001-09-30": {
            "date": "2001-09-30",
            "filing_date": "2001-09-30",
            "currency_symbol": "CHF",
            "researchDevelopment": "290500000.00",
            "effectOfAccountingCharges": null,
            "incomeBeforeTax": "2191750000.00",
            "minorityInterest": null,
            "netIncome": "1584500000.00",
            "sellingGeneralAdministrative": "7343000000.00",
            "sellingAndMarketingExpenses": "1605250000.00",
            "grossProfit": "11735500000.00",
            "reconciledDepreciation": "123500000.00",
            "ebit": "2277500000.00",
            "ebitda": "2922750000.00",
            "depreciationAndAmortization": "645250000.00",
            "nonOperatingIncomeNetOther": null,
            "operatingIncome": "2277500000.00",
            "otherOperatingExpenses": "18801250000.00",
            "interestExpense": "85750000.00",
            "taxProvision": null,
            "interestIncome": null,
            "netInterestIncome": null,
            "extraordinaryItems": null,
            "nonRecurring": null,
            "otherItems": null,
            "incomeTaxExpense": "607250000.00",
            "totalRevenue": "21174500000.00",
            "totalOperatingExpenses": "9362250000.00",
            "costOfRevenue": "9439000000.00",
            "totalOtherIncomeExpenseNet": "-85750000.00",
            "discontinuedOperations": null,
            "netIncomeFromContinuingOps": null,
            "netIncomeApplicableToCommonShares": null,
            "preferredStockAndOtherAdjustments": null
        },
        "2001-06-30": {
            "date": "2001-06-30",
            "filing_date": "2001-06-30",
            "currency_symbol": "CHF",
            "researchDevelopment": "581000000.00",
            "effectOfAccountingCharges": null,
            "incomeBeforeTax": "4383500000.00",
            "minorityInterest": null,
            "netIncome": "3169000000.00",
            "sellingGeneralAdministrative": "14686000000.00",
            "sellingAndMarketingExpenses": "3210500000.00",
            "grossProfit": "23471000000.00",
            "reconciledDepreciation": "123500000.00",
            "ebit": "4555000000.00",
            "ebitda": "5845500000.00",
            "depreciationAndAmortization": "1290500000.00",
            "nonOperatingIncomeNetOther": null,
            "operatingIncome": "4555000000.00",
            "otherOperatingExpenses": "37602500000.00",
            "interestExpense": "171500000.00",
            "taxProvision": null,
            "interestIncome": null,
            "netInterestIncome": null,
            "extraordinaryItems": null,
            "nonRecurring": null,
            "otherItems": null,
            "incomeTaxExpense": "1214500000.00",
            "totalRevenue": "42349000000.00",
            "totalOperatingExpenses": "18724500000.00",
            "costOfRevenue": "18878000000.00",
            "totalOtherIncomeExpenseNet": "-171500000.00",
            "discontinuedOperations": null,
            "netIncomeFromContinuingOps": null,
            "netIncomeApplicableToCommonShares": null,
            "preferredStockAndOtherAdjustments": null
        },
        "2001-03-31": {
            "date": "2001-03-31",
            "filing_date": "2001-03-31",
            "currency_symbol": "CHF",
            "researchDevelopment": "290500000.00",
            "effectOfAccountingCharges": null,
            "incomeBeforeTax": "2191750000.00",
            "minorityInterest": null,
            "netIncome": "1584500000.00",
            "sellingGeneralAdministrative": "7343000000.00",
            "sellingAndMarketingExpenses": "1605250000.00",
            "grossProfit": "11735500000.00",
            "reconciledDepreciation": "123500000.00",
            "ebit": "2277500000.00",
            "ebitda": "2922750000.00",
            "depreciationAndAmortization": "645250000.00",
            "nonOperatingIncomeNetOther": null,
            "operatingIncome": "2277500000.00",
            "otherOperatingExpenses": "18801250000.00",
            "interestExpense": "85750000.00",
            "taxProvision": null,
            "interestIncome": null,
            "netInterestIncome": null,
            "extraordinaryItems": null,
            "nonRecurring": null,
            "otherItems": null,
            "incomeTaxExpense": "607250000.00",
            "totalRevenue": "21174500000.00",
            "totalOperatingExpenses": "9362250000.00",
            "costOfRevenue": "9439000000.00",
            "totalOtherIncomeExpenseNet": "-85750000.00",
            "discontinuedOperations": null,
            "netIncomeFromContinuingOps": null,
            "netIncomeApplicableToCommonShares": null,
            "preferredStockAndOtherAdjustments": null
        },
        "2000-12-31": {
            "date": "2000-12-31",
            "filing_date": "2001-01-31",
            "currency_symbol": "CHF",
            "researchDevelopment": "519000000.00",
            "effectOfAccountingCharges": null,
            "incomeBeforeTax": "4170500000.00",
            "minorityInterest": null,
            "netIncome": "2790000000.00",
            "sellingGeneralAdministrative": "13233500000.00",
            "sellingAndMarketingExpenses": "2942000000.00",
            "grossProfit": "21650500000.00",
            "reconciledDepreciation": "123500000.00",
            "ebit": "4262000000.00",
            "ebitda": "5630500000.00",
            "depreciationAndAmortization": "1368500000.00",
            "nonOperatingIncomeNetOther": null,
            "operatingIncome": "4262000000.00",
            "otherOperatingExpenses": "35962000000.00",
            "interestExpense": "91500000.00",
            "taxProvision": null,
            "interestIncome": null,
            "netInterestIncome": null,
            "extraordinaryItems": null,
            "nonRecurring": null,
            "otherItems": null,
            "incomeTaxExpense": "1380500000.00",
            "totalRevenue": "40711000000.00",
            "totalOperatingExpenses": "16901500000.00",
            "costOfRevenue": "19060500000.00",
            "totalOtherIncomeExpenseNet": "-91500000.00",
            "discontinuedOperations": null,
            "netIncomeFromContinuingOps": null,
            "netIncomeApplicableToCommonShares": null,
            "preferredStockAndOtherAdjustments": null
        },
        "2000-09-30": {
            "date": "2000-09-30",
            "filing_date": "2000-09-30",
            "currency_symbol": "CHF",
            "researchDevelopment": "259500000.00",
            "effectOfAccountingCharges": null,
            "incomeBeforeTax": "2085250000.00",
            "minorityInterest": null,
            "netIncome": "1395000000.00",
            "sellingGeneralAdministrative": "6616750000.00",
            "sellingAndMarketingExpenses": "1471000000.00",
            "grossProfit": "10825250000.00",
            "reconciledDepreciation": "103500000.00",
            "ebit": "2131000000.00",
            "ebitda": "2815250000.00",
            "depreciationAndAmortization": "684250000.00",
            "nonOperatingIncomeNetOther": null,
            "operatingIncome": "2131000000.00",
            "otherOperatingExpenses": "17981000000.00",
            "interestExpense": "45750000.00",
            "taxProvision": null,
            "interestIncome": null,
            "netInterestIncome": null,
            "extraordinaryItems": null,
            "nonRecurring": null,
            "otherItems": null,
            "incomeTaxExpense": "690250000.00",
            "totalRevenue": "20355500000.00",
            "totalOperatingExpenses": "8450750000.00",
            "costOfRevenue": "9530250000.00",
            "totalOtherIncomeExpenseNet": "-45750000.00",
            "discontinuedOperations": null,
            "netIncomeFromContinuingOps": null,
            "netIncomeApplicableToCommonShares": null,
            "preferredStockAndOtherAdjustments": null
        },
        "2000-06-30": {
            "date": "2000-06-30",
            "filing_date": "2000-06-30",
            "currency_symbol": "CHF",
            "researchDevelopment": "519000000.00",
            "effectOfAccountingCharges": null,
            "incomeBeforeTax": "4170500000.00",
            "minorityInterest": null,
            "netIncome": "2790000000.00",
            "sellingGeneralAdministrative": "13233500000.00",
            "sellingAndMarketingExpenses": "2942000000.00",
            "grossProfit": "21650500000.00",
            "reconciledDepreciation": "103500000.00",
            "ebit": "4262000000.00",
            "ebitda": "5630500000.00",
            "depreciationAndAmortization": "1368500000.00",
            "nonOperatingIncomeNetOther": null,
            "operatingIncome": "4262000000.00",
            "otherOperatingExpenses": "35962000000.00",
            "interestExpense": "91500000.00",
            "taxProvision": null,
            "interestIncome": null,
            "netInterestIncome": null,
            "extraordinaryItems": null,
            "nonRecurring": null,
            "otherItems": null,
            "incomeTaxExpense": "1380500000.00",
            "totalRevenue": "40711000000.00",
            "totalOperatingExpenses": "16901500000.00",
            "costOfRevenue": "19060500000.00",
            "totalOtherIncomeExpenseNet": "-91500000.00",
            "discontinuedOperations": null,
            "netIncomeFromContinuingOps": null,
            "netIncomeApplicableToCommonShares": null,
            "preferredStockAndOtherAdjustments": null
        },
        "2000-03-31": {
            "date": "2000-03-31",
            "filing_date": "2000-03-31",
            "currency_symbol": "CHF",
            "researchDevelopment": "259500000.00",
            "effectOfAccountingCharges": null,
            "incomeBeforeTax": "2085250000.00",
            "minorityInterest": null,
            "netIncome": "1395000000.00",
            "sellingGeneralAdministrative": "6616750000.00",
            "sellingAndMarketingExpenses": "1471000000.00",
            "grossProfit": "10825250000.00",
            "reconciledDepreciation": "103500000.00",
            "ebit": "2131000000.00",
            "ebitda": "2815250000.00",
            "depreciationAndAmortization": "684250000.00",
            "nonOperatingIncomeNetOther": null,
            "operatingIncome": "2131000000.00",
            "otherOperatingExpenses": "17981000000.00",
            "interestExpense": "45750000.00",
            "taxProvision": null,
            "interestIncome": null,
            "netInterestIncome": null,
            "extraordinaryItems": null,
            "nonRecurring": null,
            "otherItems": null,
            "incomeTaxExpense": "690250000.00",
            "totalRevenue": "20355500000.00",
            "totalOperatingExpenses": "8450750000.00",
            "costOfRevenue": "9530250000.00",
            "totalOtherIncomeExpenseNet": "-45750000.00",
            "discontinuedOperations": null,
            "netIncomeFromContinuingOps": null,
            "netIncomeApplicableToCommonShares": null,
            "preferredStockAndOtherAdjustments": null
        },
        "1999-12-31": {
            "date": "1999-12-31",
            "filing_date": "2000-01-31",
            "currency_symbol": "CHF",
            "researchDevelopment": "446500000.00",
            "effectOfAccountingCharges": null,
            "incomeBeforeTax": "3429500000.00",
            "minorityInterest": null,
            "netIncome": "2272500000.00",
            "sellingGeneralAdministrative": "11943500000.00",
            "sellingAndMarketingExpenses": "2634000000.00",
            "grossProfit": "19374000000.00",
            "reconciledDepreciation": "103500000.00",
            "ebit": "3519000000.00",
            "ebitda": "4817500000.00",
            "depreciationAndAmortization": "1298500000.00",
            "nonOperatingIncomeNetOther": null,
            "operatingIncome": "3519000000.00",
            "otherOperatingExpenses": "33172000000.00",
            "interestExpense": "89500000.00",
            "taxProvision": null,
            "interestIncome": null,
            "netInterestIncome": null,
            "extraordinaryItems": null,
            "nonRecurring": null,
            "otherItems": null,
            "incomeTaxExpense": "1157000000.00",
            "totalRevenue": "37330000000.00",
            "totalOperatingExpenses": "15216000000.00",
            "costOfRevenue": "17956000000.00",
            "totalOtherIncomeExpenseNet": "-89500000.00",
            "discontinuedOperations": null,
            "netIncomeFromContinuingOps": null,
            "netIncomeApplicableToCommonShares": null,
            "preferredStockAndOtherAdjustments": null
        },
        "1999-09-30": {
            "date": "1999-09-30",
            "filing_date": "1999-09-30",
            "currency_symbol": "CHF",
            "researchDevelopment": "223250000.00",
            "effectOfAccountingCharges": null,
            "incomeBeforeTax": "1714750000.00",
            "minorityInterest": null,
            "netIncome": "1136250000.00",
            "sellingGeneralAdministrative": "5971750000.00",
            "sellingAndMarketingExpenses": "1317000000.00",
            "grossProfit": "9687000000.00",
            "reconciledDepreciation": "96000000.00",
            "ebit": "1759500000.00",
            "ebitda": "2408750000.00",
            "depreciationAndAmortization": "649250000.00",
            "nonOperatingIncomeNetOther": null,
            "operatingIncome": "1759500000.00",
            "otherOperatingExpenses": "16586000000.00",
            "interestExpense": "44750000.00",
            "taxProvision": null,
            "interestIncome": null,
            "netInterestIncome": null,
            "extraordinaryItems": null,
            "nonRecurring": null,
            "otherItems": null,
            "incomeTaxExpense": "578500000.00",
            "totalRevenue": "18665000000.00",
            "totalOperatingExpenses": "7608000000.00",
            "costOfRevenue": "8978000000.00",
            "totalOtherIncomeExpenseNet": "-44750000.00",
            "discontinuedOperations": null,
            "netIncomeFromContinuingOps": null,
            "netIncomeApplicableToCommonShares": null,
            "preferredStockAndOtherAdjustments": null
        },
        "1999-06-30": {
            "date": "1999-06-30",
            "filing_date": "1999-06-30",
            "currency_symbol": "CHF",
            "researchDevelopment": "446500000.00",
            "effectOfAccountingCharges": null,
            "incomeBeforeTax": "3429500000.00",
            "minorityInterest": null,
            "netIncome": "2272500000.00",
            "sellingGeneralAdministrative": "11943500000.00",
            "sellingAndMarketingExpenses": "2634000000.00",
            "grossProfit": "19374000000.00",
            "reconciledDepreciation": "96000000.00",
            "ebit": "3519000000.00",
            "ebitda": "4817500000.00",
            "depreciationAndAmortization": "1298500000.00",
            "nonOperatingIncomeNetOther": null,
            "operatingIncome": "3519000000.00",
            "otherOperatingExpenses": "33172000000.00",
            "interestExpense": "89500000.00",
            "taxProvision": null,
            "interestIncome": null,
            "netInterestIncome": null,
            "extraordinaryItems": null,
            "nonRecurring": null,
            "otherItems": null,
            "incomeTaxExpense": "1157000000.00",
            "totalRevenue": "37330000000.00",
            "totalOperatingExpenses": "15216000000.00",
            "costOfRevenue": "17956000000.00",
            "totalOtherIncomeExpenseNet": "-89500000.00",
            "discontinuedOperations": null,
            "netIncomeFromContinuingOps": null,
            "netIncomeApplicableToCommonShares": null,
            "preferredStockAndOtherAdjustments": null
        },
        "1999-03-31": {
            "date": "1999-03-31",
            "filing_date": "1999-03-31",
            "currency_symbol": "CHF",
            "researchDevelopment": "223250000.00",
            "effectOfAccountingCharges": null,
            "incomeBeforeTax": "1714750000.00",
            "minorityInterest": null,
            "netIncome": "1136250000.00",
            "sellingGeneralAdministrative": "5971750000.00",
            "sellingAndMarketingExpenses": "1317000000.00",
            "grossProfit": "9687000000.00",
            "reconciledDepreciation": "96000000.00",
            "ebit": "1759500000.00",
            "ebitda": "2408750000.00",
            "depreciationAndAmortization": "649250000.00",
            "nonOperatingIncomeNetOther": null,
            "operatingIncome": "1759500000.00",
            "otherOperatingExpenses": "16586000000.00",
            "interestExpense": "44750000.00",
            "taxProvision": null,
            "interestIncome": null,
            "netInterestIncome": null,
            "extraordinaryItems": null,
            "nonRecurring": null,
            "otherItems": null,
            "incomeTaxExpense": "578500000.00",
            "totalRevenue": "18665000000.00",
            "totalOperatingExpenses": "7608000000.00",
            "costOfRevenue": "8978000000.00",
            "totalOtherIncomeExpenseNet": "-44750000.00",
            "discontinuedOperations": null,
            "netIncomeFromContinuingOps": null,
            "netIncomeApplicableToCommonShares": null,
            "preferredStockAndOtherAdjustments": null
        },
        "1998-12-31": {
            "date": "1998-12-31",
            "filing_date": "1999-01-31",
            "currency_symbol": "CHF",
            "researchDevelopment": "223250000.00",
            "effectOfAccountingCharges": null,
            "incomeBeforeTax": "1714750000.00",
            "minorityInterest": null,
            "netIncome": "1136250000.00",
            "sellingGeneralAdministrative": "5971750000.00",
            "sellingAndMarketingExpenses": "1317000000.00",
            "grossProfit": "9687000000.00",
            "reconciledDepreciation": "96000000.00",
            "ebit": "1759500000.00",
            "ebitda": "2408750000.00",
            "depreciationAndAmortization": "649250000.00",
            "nonOperatingIncomeNetOther": null,
            "operatingIncome": "1759500000.00",
            "otherOperatingExpenses": "16586000000.00",
            "interestExpense": "44750000.00",
            "taxProvision": null,
            "interestIncome": null,
            "netInterestIncome": null,
            "extraordinaryItems": null,
            "nonRecurring": null,
            "otherItems": null,
            "incomeTaxExpense": "578500000.00",
            "totalRevenue": "18665000000.00",
            "totalOperatingExpenses": "7608000000.00",
            "costOfRevenue": "8978000000.00",
            "totalOtherIncomeExpenseNet": "-44750000.00",
            "discontinuedOperations": null,
            "netIncomeFromContinuingOps": null,
            "netIncomeApplicableToCommonShares": null,
            "preferredStockAndOtherAdjustments": null
        },
        "1998-09-30": {
            "date": "1998-09-30",
            "filing_date": "1998-09-30",
            "currency_symbol": "CHF",
            "researchDevelopment": "201750000.00",
            "effectOfAccountingCharges": null,
            "incomeBeforeTax": "1530250000.00",
            "minorityInterest": null,
            "netIncome": "1029750000.00",
            "sellingGeneralAdministrative": "5616250000.00",
            "sellingAndMarketingExpenses": "1221750000.00",
            "grossProfit": "8946000000.00",
            "reconciledDepreciation": "75250000.00",
            "ebit": "1573250000.00",
            "ebitda": "2300750000.00",
            "depreciationAndAmortization": "727500000.00",
            "nonOperatingIncomeNetOther": null,
            "operatingIncome": "1573250000.00",
            "otherOperatingExpenses": "16105750000.00",
            "interestExpense": "43000000.00",
            "taxProvision": null,
            "interestIncome": null,
            "netInterestIncome": null,
            "extraordinaryItems": null,
            "nonRecurring": null,
            "otherItems": null,
            "incomeTaxExpense": "500500000.00",
            "totalRevenue": "17936750000.00",
            "totalOperatingExpenses": "7115000000.00",
            "costOfRevenue": "8990750000.00",
            "totalOtherIncomeExpenseNet": "-43000000.00",
            "discontinuedOperations": null,
            "netIncomeFromContinuingOps": null,
            "netIncomeApplicableToCommonShares": null,
            "preferredStockAndOtherAdjustments": null
        },
        "1998-06-30": {
            "date": "1998-06-30",
            "filing_date": "1998-06-30",
            "currency_symbol": "CHF",
            "researchDevelopment": "201750000.00",
            "effectOfAccountingCharges": null,
            "incomeBeforeTax": "1530250000.00",
            "minorityInterest": null,
            "netIncome": "1029750000.00",
            "sellingGeneralAdministrative": "5616250000.00",
            "sellingAndMarketingExpenses": "1221750000.00",
            "grossProfit": "8946000000.00",
            "reconciledDepreciation": "75250000.00",
            "ebit": "1573250000.00",
            "ebitda": "2300750000.00",
            "depreciationAndAmortization": "727500000.00",
            "nonOperatingIncomeNetOther": null,
            "operatingIncome": "1573250000.00",
            "otherOperatingExpenses": "16105750000.00",
            "interestExpense": "43000000.00",
            "taxProvision": null,
            "interestIncome": null,
            "netInterestIncome": null,
            "extraordinaryItems": null,
            "nonRecurring": null,
            "otherItems": null,
            "incomeTaxExpense": "500500000.00",
            "totalRevenue": "17936750000.00",
            "totalOperatingExpenses": "7115000000.00",
            "costOfRevenue": "8990750000.00",
            "totalOtherIncomeExpenseNet": "-43000000.00",
            "discontinuedOperations": null,
            "netIncomeFromContinuingOps": null,
            "netIncomeApplicableToCommonShares": null,
            "preferredStockAndOtherAdjustments": null
        },
        "1998-03-31": {
            "date": "1998-03-31",
            "filing_date": "1998-03-31",
            "currency_symbol": "CHF",
            "researchDevelopment": "201750000.00",
            "effectOfAccountingCharges": null,
            "incomeBeforeTax": "1530250000.00",
            "minorityInterest": null,
            "netIncome": "1029750000.00",
            "sellingGeneralAdministrative": "5616250000.00",
            "sellingAndMarketingExpenses": "1221750000.00",
            "grossProfit": "8946000000.00",
            "reconciledDepreciation": "75250000.00",
            "ebit": "1573250000.00",
            "ebitda": "2300750000.00",
            "depreciationAndAmortization": "727500000.00",
            "nonOperatingIncomeNetOther": null,
            "operatingIncome": "1573250000.00",
            "otherOperatingExpenses": "16105750000.00",
            "interestExpense": "43000000.00",
            "taxProvision": null,
            "interestIncome": null,
            "netInterestIncome": null,
            "extraordinaryItems": null,
            "nonRecurring": null,
            "otherItems": null,
            "incomeTaxExpense": "500500000.00",
            "totalRevenue": "17936750000.00",
            "totalOperatingExpenses": "7115000000.00",
            "costOfRevenue": "8990750000.00",
            "totalOtherIncomeExpenseNet": "-43000000.00",
            "discontinuedOperations": null,
            "netIncomeFromContinuingOps": null,
            "netIncomeApplicableToCommonShares": null,
            "preferredStockAndOtherAdjustments": null
        },
        "1997-12-31": {
            "date": "1997-12-31",
            "filing_date": "1998-01-31",
            "currency_symbol": "CHF",
            "researchDevelopment": "201750000.00",
            "effectOfAccountingCharges": null,
            "incomeBeforeTax": "1530250000.00",
            "minorityInterest": null,
            "netIncome": "1029750000.00",
            "sellingGeneralAdministrative": "5616250000.00",
            "sellingAndMarketingExpenses": "1221750000.00",
            "grossProfit": "8946000000.00",
            "reconciledDepreciation": "75250000.00",
            "ebit": "1573250000.00",
            "ebitda": "2300750000.00",
            "depreciationAndAmortization": "727500000.00",
            "nonOperatingIncomeNetOther": null,
            "operatingIncome": "1573250000.00",
            "otherOperatingExpenses": "16105750000.00",
            "interestExpense": "43000000.00",
            "taxProvision": null,
            "interestIncome": null,
            "netInterestIncome": null,
            "extraordinaryItems": null,
            "nonRecurring": null,
            "otherItems": null,
            "incomeTaxExpense": "500500000.00",
            "totalRevenue": "17936750000.00",
            "totalOperatingExpenses": "7115000000.00",
            "costOfRevenue": "8990750000.00",
            "totalOtherIncomeExpenseNet": "-43000000.00",
            "discontinuedOperations": null,
            "netIncomeFromContinuingOps": null,
            "netIncomeApplicableToCommonShares": null,
            "preferredStockAndOtherAdjustments": null
        }
    },
    "yearly": {
        "2024-12-31": {
            "date": "2024-12-31",
            "filing_date": "2024-12-31",
            "currency_symbol": "CHF",
            "researchDevelopment": "1667000000.00",
            "effectOfAccountingCharges": null,
            "incomeBeforeTax": "14488000000.00",
            "minorityInterest": "-290000000.00",
            "netIncome": "10884000000.00",
            "sellingGeneralAdministrative": "25679000000.00",
            "sellingAndMarketingExpenses": "25679000000.00",
            "grossProfit": "43050000000.00",
            "reconciledDepreciation": "3582000000.00",
            "ebit": "15080000000.00",
            "ebitda": "18662000000.00",
            "depreciationAndAmortization": "3582000000.00",
            "nonOperatingIncomeNetOther": null,
            "operatingIncome": "14724000000.00",
            "otherOperatingExpenses": "76996000000.00",
            "interestExpense": "1841000000.00",
            "taxProvision": "3314000000.00",
            "interestIncome": "358000000.00",
            "netInterestIncome": "-1485000000.00",
            "extraordinaryItems": null,
            "nonRecurring": null,
            "otherItems": null,
            "incomeTaxExpense": "3314000000.00",
            "totalRevenue": "91720000000.00",
            "totalOperatingExpenses": "28326000000.00",
            "costOfRevenue": "48670000000.00",
            "totalOtherIncomeExpenseNet": "-236000000.00",
            "discontinuedOperations": null,
            "netIncomeFromContinuingOps": "11174000000.00",
            "netIncomeApplicableToCommonShares": "10884000000.00",
            "preferredStockAndOtherAdjustments": null
        },
        "2023-12-31": {
            "date": "2023-12-31",
            "filing_date": "2023-12-31",
            "currency_symbol": "CHF",
            "researchDevelopment": "1656000000.00",
            "effectOfAccountingCharges": null,
            "incomeBeforeTax": "12703000000.00",
            "minorityInterest": "-300000000.00",
            "netIncome": "11209000000.00",
            "sellingGeneralAdministrative": "17549000000.00",
            "sellingAndMarketingExpenses": "25314000000.00",
            "grossProfit": "43023000000.00",
            "reconciledDepreciation": "3458000000.00",
            "ebit": "14346000000.00",
            "ebitda": "17804000000.00",
            "depreciationAndAmortization": "3458000000.00",
            "nonOperatingIncomeNetOther": null,
            "operatingIncome": "14063000000.00",
            "otherOperatingExpenses": "79288000000.00",
            "interestExpense": "1643000000.00",
            "taxProvision": "2314000000.00",
            "interestIncome": "284000000.00",
            "netInterestIncome": "-1360000000.00",
            "extraordinaryItems": null,
            "nonRecurring": null,
            "otherItems": null,
            "incomeTaxExpense": "2314000000.00",
            "totalRevenue": "93351000000.00",
            "totalOperatingExpenses": "28960000000.00",
            "costOfRevenue": "50328000000.00",
            "totalOtherIncomeExpenseNet": "-1360000000.00",
            "discontinuedOperations": null,
            "netIncomeFromContinuingOps": "11509000000.00",
            "netIncomeApplicableToCommonShares": "11209000000.00",
            "preferredStockAndOtherAdjustments": null
        },
        "2022-12-31": {
            "date": "2022-12-31",
            "filing_date": "2022-12-31",
            "currency_symbol": "CHF",
            "researchDevelopment": "1696000000.00",
            "effectOfAccountingCharges": null,
            "incomeBeforeTax": "11286000000.00",
            "minorityInterest": "-326000000.00",
            "netIncome": "9270000000.00",
            "sellingGeneralAdministrative": "16850000000.00",
            "sellingAndMarketingExpenses": "25236000000.00",
            "grossProfit": "43035000000.00",
            "reconciledDepreciation": "3541000000.00",
            "ebit": "12535000000.00",
            "ebitda": "16076000000.00",
            "depreciationAndAmortization": "3541000000.00",
            "nonOperatingIncomeNetOther": null,
            "operatingIncome": "12326000000.00",
            "otherOperatingExpenses": "82454000000.00",
            "interestExpense": "1249000000.00",
            "taxProvision": "2730000000.00",
            "interestIncome": "984000000.00",
            "netInterestIncome": "-1040000000.00",
            "extraordinaryItems": null,
            "nonRecurring": null,
            "otherItems": null,
            "incomeTaxExpense": "2730000000.00",
            "totalRevenue": "94780000000.00",
            "totalOperatingExpenses": "30709000000.00",
            "costOfRevenue": "51745000000.00",
            "totalOtherIncomeExpenseNet": "-1040000000.00",
            "discontinuedOperations": null,
            "netIncomeFromContinuingOps": "9596000000.00",
            "netIncomeApplicableToCommonShares": "9270000000.00",
            "preferredStockAndOtherAdjustments": null
        },
        "2021-12-31": {
            "date": "2021-12-31",
            "filing_date": "2021-12-31",
            "currency_symbol": "CHF",
            "researchDevelopment": "1670000000.00",
            "effectOfAccountingCharges": null,
            "incomeBeforeTax": "10806000000.00",
            "minorityInterest": "-291000000.00",
            "netIncome": "16905000000.00",
            "sellingGeneralAdministrative": "17294000000.00",
            "sellingAndMarketingExpenses": "25213000000.00",
            "grossProfit": "42002000000.00",
            "reconciledDepreciation": "3440000000.00",
            "ebit": "11757000000.00",
            "ebitda": "15197000000.00",
            "depreciationAndAmortization": "3440000000.00",
            "nonOperatingIncomeNetOther": null,
            "operatingIncome": "11679000000.00",
            "otherOperatingExpenses": "75791000000.00",
            "interestExpense": "951000000.00",
            "taxProvision": "2261000000.00",
            "interestIncome": "773000000.00",
            "netInterestIncome": "-873000000.00",
            "extraordinaryItems": null,
            "nonRecurring": null,
            "otherItems": null,
            "incomeTaxExpense": "2261000000.00",
            "totalRevenue": "87470000000.00",
            "totalOperatingExpenses": "30323000000.00",
            "costOfRevenue": "45468000000.00",
            "totalOtherIncomeExpenseNet": "-873000000.00",
            "discontinuedOperations": null,
            "netIncomeFromContinuingOps": "17196000000.00",
            "netIncomeApplicableToCommonShares": "16905000000.00",
            "preferredStockAndOtherAdjustments": null
        },
        "2020-12-31": {
            "date": "2020-12-31",
            "filing_date": "2020-12-31",
            "currency_symbol": "CHF",
            "researchDevelopment": "1576000000.00",
            "effectOfAccountingCharges": null,
            "incomeBeforeTax": "13922000000.00",
            "minorityInterest": "819000000.00",
            "netIncome": "12232000000.00",
            "sellingGeneralAdministrative": "17240000000.00",
            "sellingAndMarketingExpenses": "25231000000.00",
            "grossProfit": "41710000000.00",
            "reconciledDepreciation": "3465000000.00",
            "ebit": "14905000000.00",
            "ebitda": "18370000000.00",
            "depreciationAndAmortization": "3465000000.00",
            "nonOperatingIncomeNetOther": null,
            "operatingIncome": "14796000000.00",
            "otherOperatingExpenses": "69885000000.00",
            "interestExpense": "983000000.00",
            "taxProvision": "3365000000.00",
            "interestIncome": "106000000.00",
            "netInterestIncome": "-874000000.00",
            "extraordinaryItems": null,
            "nonRecurring": null,
            "otherItems": null,
            "incomeTaxExpense": "3365000000.00",
            "totalRevenue": "84681000000.00",
            "totalOperatingExpenses": "26914000000.00",
            "costOfRevenue": "42971000000.00",
            "totalOtherIncomeExpenseNet": "-874000000.00",
            "discontinuedOperations": null,
            "netIncomeFromContinuingOps": "12372000000.00",
            "netIncomeApplicableToCommonShares": "12232000000.00",
            "preferredStockAndOtherAdjustments": null
        },
        "2019-12-31": {
            "date": "2019-12-31",
            "filing_date": "2019-12-31",
            "currency_symbol": "CHF",
            "researchDevelopment": "1672000000.00",
            "effectOfAccountingCharges": null,
            "incomeBeforeTax": "15062000000.00",
            "minorityInterest": "827000000.00",
            "netIncome": "12609000000.00",
            "sellingGeneralAdministrative": "19790000000.00",
            "sellingAndMarketingExpenses": "28286000000.00",
            "grossProfit": "46218000000.00",
            "reconciledDepreciation": "3713000000.00",
            "ebit": "16276000000.00",
            "ebitda": "19989000000.00",
            "depreciationAndAmortization": "3713000000.00",
            "nonOperatingIncomeNetOther": null,
            "operatingIncome": "16078000000.00",
            "otherOperatingExpenses": "76787000000.00",
            "interestExpense": "1214000000.00",
            "taxProvision": "3159000000.00",
            "interestIncome": "200000000.00",
            "netInterestIncome": "-1016000000.00",
            "extraordinaryItems": null,
            "nonRecurring": null,
            "otherItems": null,
            "incomeTaxExpense": "3159000000.00",
            "totalRevenue": "92865000000.00",
            "totalOperatingExpenses": "30140000000.00",
            "costOfRevenue": "46647000000.00",
            "totalOtherIncomeExpenseNet": "-1016000000.00",
            "discontinuedOperations": null,
            "netIncomeFromContinuingOps": "12904000000.00",
            "netIncomeApplicableToCommonShares": "12609000000.00",
            "preferredStockAndOtherAdjustments": null
        },
        "2018-12-31": {
            "date": "2018-12-31",
            "filing_date": "2018-12-31",
            "currency_symbol": "CHF",
            "researchDevelopment": "1687000000.00",
            "effectOfAccountingCharges": null,
            "incomeBeforeTax": "12991000000.00",
            "minorityInterest": "1040000000.00",
            "netIncome": "10135000000.00",
            "sellingGeneralAdministrative": "20154000000.00",
            "sellingAndMarketingExpenses": "28472000000.00",
            "grossProfit": "45680000000.00",
            "reconciledDepreciation": "3924000000.00",
            "ebit": "13997000000.00",
            "ebitda": "17921000000.00",
            "depreciationAndAmortization": "3924000000.00",
            "nonOperatingIncomeNetOther": null,
            "operatingIncome": "13752000000.00",
            "otherOperatingExpenses": "77998000000.00",
            "interestExpense": "1006000000.00",
            "taxProvision": "3439000000.00",
            "interestIncome": "247000000.00",
            "netInterestIncome": "-761000000.00",
            "extraordinaryItems": null,
            "nonRecurring": null,
            "otherItems": null,
            "incomeTaxExpense": "3439000000.00",
            "totalRevenue": "91750000000.00",
            "totalOperatingExpenses": "31928000000.00",
            "costOfRevenue": "46070000000.00",
            "totalOtherIncomeExpenseNet": "-761000000.00",
            "discontinuedOperations": null,
            "netIncomeFromContinuingOps": "10468000000.00",
            "netIncomeApplicableToCommonShares": "10135000000.00",
            "preferredStockAndOtherAdjustments": null
        },
        "2017-12-31": {
            "date": "2017-12-31",
            "filing_date": "2017-12-31",
            "currency_symbol": "CHF",
            "researchDevelopment": "1739000000.00",
            "effectOfAccountingCharges": null,
            "incomeBeforeTax": "9460000000.00",
            "minorityInterest": "1273000000.00",
            "netIncome": "7156000000.00",
            "sellingGeneralAdministrative": "20019000000.00",
            "sellingAndMarketingExpenses": "27841000000.00",
            "grossProfit": "44351000000.00",
            "reconciledDepreciation": "3227000000.00",
            "ebit": "10303000000.00",
            "ebitda": "14237000000.00",
            "depreciationAndAmortization": "3934000000.00",
            "nonOperatingIncomeNetOther": null,
            "operatingIncome": "10156000000.00",
            "otherOperatingExpenses": "79766000000.00",
            "interestExpense": "843000000.00",
            "taxProvision": "2779000000.00",
            "interestIncome": "152000000.00",
            "netInterestIncome": "-619000000.00",
            "extraordinaryItems": "792000000.00",
            "nonRecurring": null,
            "otherItems": null,
            "incomeTaxExpense": "2773000000.00",
            "totalRevenue": "89922000000.00",
            "totalOperatingExpenses": "34195000000.00",
            "costOfRevenue": "45571000000.00",
            "totalOtherIncomeExpenseNet": "-696000000.00",
            "discontinuedOperations": null,
            "netIncomeFromContinuingOps": "7538000000.00",
            "netIncomeApplicableToCommonShares": "7156000000.00",
            "preferredStockAndOtherAdjustments": null
        },
        "2016-12-31": {
            "date": "2016-12-31",
            "filing_date": "2016-12-31",
            "currency_symbol": "CHF",
            "researchDevelopment": "1736000000.00",
            "effectOfAccountingCharges": null,
            "incomeBeforeTax": "12526000000.00",
            "minorityInterest": "1391000000.00",
            "netIncome": "8531000000.00",
            "sellingGeneralAdministrative": "21673000000.00",
            "sellingAndMarketingExpenses": "29544000000.00",
            "grossProfit": "45587000000.00",
            "reconciledDepreciation": null,
            "ebit": "13279000000.00",
            "ebitda": "16411000000.00",
            "depreciationAndAmortization": "3132000000.00",
            "nonOperatingIncomeNetOther": null,
            "operatingIncome": "13163000000.00",
            "otherOperatingExpenses": "76623000000.00",
            "interestExpense": "753000000.00",
            "taxProvision": "4413000000.00",
            "interestIncome": "444000000.00",
            "netInterestIncome": "-637000000.00",
            "extraordinaryItems": null,
            "nonRecurring": null,
            "otherItems": null,
            "incomeTaxExpense": "4413000000.00",
            "totalRevenue": "89786000000.00",
            "totalOperatingExpenses": "32424000000.00",
            "costOfRevenue": "44199000000.00",
            "totalOtherIncomeExpenseNet": "-637000000.00",
            "discontinuedOperations": null,
            "netIncomeFromContinuingOps": "8883000000.00",
            "netIncomeApplicableToCommonShares": "8531000000.00",
            "preferredStockAndOtherAdjustments": null
        },
        "2015-12-31": {
            "date": "2015-12-31",
            "filing_date": "2015-12-31",
            "currency_symbol": "CHF",
            "researchDevelopment": "1678000000.00",
            "effectOfAccountingCharges": null,
            "incomeBeforeTax": "11784000000.00",
            "minorityInterest": "1648000000.00",
            "netIncome": "9066000000.00",
            "sellingGeneralAdministrative": "20921000000.00",
            "sellingAndMarketingExpenses": "28643000000.00",
            "grossProfit": "44353000000.00",
            "reconciledDepreciation": null,
            "ebit": "12506000000.00",
            "ebitda": "15684000000.00",
            "depreciationAndAmortization": "3178000000.00",
            "nonOperatingIncomeNetOther": null,
            "operatingIncome": "12408000000.00",
            "otherOperatingExpenses": "76675000000.00",
            "interestExpense": "722000000.00",
            "taxProvision": null,
            "interestIncome": null,
            "netInterestIncome": null,
            "extraordinaryItems": null,
            "nonRecurring": null,
            "otherItems": null,
            "incomeTaxExpense": "3305000000.00",
            "totalRevenue": "89083000000.00",
            "totalOperatingExpenses": "31945000000.00",
            "costOfRevenue": "44730000000.00",
            "totalOtherIncomeExpenseNet": "-624000000.00",
            "discontinuedOperations": null,
            "netIncomeFromContinuingOps": "9467000000.00",
            "netIncomeApplicableToCommonShares": "9066000000.00",
            "preferredStockAndOtherAdjustments": null
        },
        "2014-12-31": {
            "date": "2014-12-31",
            "filing_date": "2014-12-31",
            "currency_symbol": "CHF",
            "researchDevelopment": "1628000000.00",
            "effectOfAccountingCharges": null,
            "incomeBeforeTax": "10268000000.00",
            "minorityInterest": null,
            "netIncome": "14456000000.00",
            "sellingGeneralAdministrative": "19845000000.00",
            "sellingAndMarketingExpenses": "27868000000.00",
            "grossProfit": "44312000000.00",
            "reconciledDepreciation": null,
            "ebit": "11029000000.00",
            "ebitda": "14087000000.00",
            "depreciationAndAmortization": "3058000000.00",
            "nonOperatingIncomeNetOther": null,
            "operatingIncome": "10905000000.00",
            "otherOperatingExpenses": "80960000000.00",
            "interestExpense": "761000000.00",
            "taxProvision": null,
            "interestIncome": null,
            "netInterestIncome": null,
            "extraordinaryItems": null,
            "nonRecurring": null,
            "otherItems": null,
            "incomeTaxExpense": "3367000000.00",
            "totalRevenue": "91865000000.00",
            "totalOperatingExpenses": "33407000000.00",
            "costOfRevenue": "47553000000.00",
            "totalOtherIncomeExpenseNet": "-637000000.00",
            "discontinuedOperations": null,
            "netIncomeFromContinuingOps": null,
            "netIncomeApplicableToCommonShares": null,
            "preferredStockAndOtherAdjustments": null
        },
        "2013-12-31": {
            "date": "2013-12-31",
            "filing_date": "2013-12-31",
            "currency_symbol": "CHF",
            "researchDevelopment": "1503000000.00",
            "effectOfAccountingCharges": null,
            "incomeBeforeTax": "12437000000.00",
            "minorityInterest": null,
            "netIncome": "10015000000.00",
            "sellingGeneralAdministrative": "19959000000.00",
            "sellingAndMarketingExpenses": "27867000000.00",
            "grossProfit": "44262000000.00",
            "reconciledDepreciation": null,
            "ebit": "13285000000.00",
            "ebitda": "16450000000.00",
            "depreciationAndAmortization": "3165000000.00",
            "nonOperatingIncomeNetOther": null,
            "operatingIncome": "13068000000.00",
            "otherOperatingExpenses": "79305000000.00",
            "interestExpense": "848000000.00",
            "taxProvision": null,
            "interestIncome": null,
            "netInterestIncome": null,
            "extraordinaryItems": null,
            "nonRecurring": null,
            "otherItems": null,
            "incomeTaxExpense": "3256000000.00",
            "totalRevenue": "92373000000.00",
            "totalOperatingExpenses": "31194000000.00",
            "costOfRevenue": "48111000000.00",
            "totalOtherIncomeExpenseNet": "-631000000.00",
            "discontinuedOperations": null,
            "netIncomeFromContinuingOps": null,
            "netIncomeApplicableToCommonShares": null,
            "preferredStockAndOtherAdjustments": null
        },
        "2012-12-31": {
            "date": "2012-12-31",
            "filing_date": "2012-12-31",
            "currency_symbol": "CHF",
            "researchDevelopment": "1413000000.00",
            "effectOfAccountingCharges": null,
            "incomeBeforeTax": "12683000000.00",
            "minorityInterest": null,
            "netIncome": "10228000000.00",
            "sellingGeneralAdministrative": null,
            "sellingAndMarketingExpenses": "27058000000.00",
            "grossProfit": "42431000000.00",
            "reconciledDepreciation": null,
            "ebit": "13484000000.00",
            "ebitda": "16533000000.00",
            "depreciationAndAmortization": "3049000000.00",
            "nonOperatingIncomeNetOther": null,
            "operatingIncome": "13388000000.00",
            "otherOperatingExpenses": "76543000000.00",
            "interestExpense": "801000000.00",
            "taxProvision": null,
            "interestIncome": null,
            "netInterestIncome": null,
            "extraordinaryItems": null,
            "nonRecurring": null,
            "otherItems": null,
            "incomeTaxExpense": "3259000000.00",
            "totalRevenue": "89931000000.00",
            "totalOperatingExpenses": "29043000000.00",
            "costOfRevenue": "47500000000.00",
            "totalOtherIncomeExpenseNet": "-705000000.00",
            "discontinuedOperations": null,
            "netIncomeFromContinuingOps": null,
            "netIncomeApplicableToCommonShares": null,
            "preferredStockAndOtherAdjustments": null
        },
        "2011-12-31": {
            "date": "2011-12-31",
            "filing_date": "2011-12-31",
            "currency_symbol": "CHF",
            "researchDevelopment": "1423000000.00",
            "effectOfAccountingCharges": null,
            "incomeBeforeTax": "12050000000.00",
            "minorityInterest": null,
            "netIncome": "9487000000.00",
            "sellingGeneralAdministrative": null,
            "sellingAndMarketingExpenses": "24997000000.00",
            "grossProfit": "39643000000.00",
            "reconciledDepreciation": null,
            "ebit": "12586000000.00",
            "ebitda": "15511000000.00",
            "depreciationAndAmortization": "2925000000.00",
            "nonOperatingIncomeNetOther": null,
            "operatingIncome": "12471000000.00",
            "otherOperatingExpenses": "71299000000.00",
            "interestExpense": "536000000.00",
            "taxProvision": null,
            "interestIncome": null,
            "netInterestIncome": null,
            "extraordinaryItems": null,
            "nonRecurring": null,
            "otherItems": null,
            "incomeTaxExpense": "3112000000.00",
            "totalRevenue": "83770000000.00",
            "totalOperatingExpenses": "27172000000.00",
            "costOfRevenue": "44127000000.00",
            "totalOtherIncomeExpenseNet": "-421000000.00",
            "discontinuedOperations": null,
            "netIncomeFromContinuingOps": null,
            "netIncomeApplicableToCommonShares": null,
            "preferredStockAndOtherAdjustments": null
        },
        "2010-12-31": {
            "date": "2010-12-31",
            "filing_date": "2010-12-31",
            "currency_symbol": "CHF",
            "researchDevelopment": "1403000000.00",
            "effectOfAccountingCharges": null,
            "incomeBeforeTax": "11381000000.00",
            "minorityInterest": null,
            "netIncome": "34233000000.00",
            "sellingGeneralAdministrative": null,
            "sellingAndMarketingExpenses": "27799000000.00",
            "grossProfit": "43240000000.00",
            "reconciledDepreciation": null,
            "ebit": "12209000000.00",
            "ebitda": "15391000000.00",
            "depreciationAndAmortization": "3182000000.00",
            "nonOperatingIncomeNetOther": null,
            "operatingIncome": "12143000000.00",
            "otherOperatingExpenses": "75872000000.00",
            "interestExpense": "828000000.00",
            "taxProvision": null,
            "interestIncome": null,
            "netInterestIncome": null,
            "extraordinaryItems": null,
            "nonRecurring": null,
            "otherItems": null,
            "incomeTaxExpense": "3343000000.00",
            "totalRevenue": "88015000000.00",
            "totalOperatingExpenses": "31097000000.00",
            "costOfRevenue": "44775000000.00",
            "totalOtherIncomeExpenseNet": "-762000000.00",
            "discontinuedOperations": null,
            "netIncomeFromContinuingOps": null,
            "netIncomeApplicableToCommonShares": null,
            "preferredStockAndOtherAdjustments": null
        },
        "2009-12-31": {
            "date": "2009-12-31",
            "filing_date": "2009-12-31",
            "currency_symbol": "CHF",
            "researchDevelopment": "1357000000.00",
            "effectOfAccountingCharges": null,
            "incomeBeforeTax": "11838000000.00",
            "minorityInterest": null,
            "netIncome": "10428000000.00",
            "sellingGeneralAdministrative": null,
            "sellingAndMarketingExpenses": "42533000000.00",
            "grossProfit": "57112000000.00",
            "reconciledDepreciation": null,
            "ebit": "12583000000.00",
            "ebitda": "15952000000.00",
            "depreciationAndAmortization": "3369000000.00",
            "nonOperatingIncomeNetOther": null,
            "operatingIncome": "11838000000.00",
            "otherOperatingExpenses": "88741000000.00",
            "interestExpense": "745000000.00",
            "taxProvision": null,
            "interestIncome": null,
            "netInterestIncome": null,
            "extraordinaryItems": null,
            "nonRecurring": null,
            "otherItems": null,
            "incomeTaxExpense": "3087000000.00",
            "totalRevenue": "100579000000.00",
            "totalOperatingExpenses": "45274000000.00",
            "costOfRevenue": "43467000000.00",
            "totalOtherIncomeExpenseNet": "-1384000000.00",
            "discontinuedOperations": null,
            "netIncomeFromContinuingOps": null,
            "netIncomeApplicableToCommonShares": null,
            "preferredStockAndOtherAdjustments": null
        },
        "2008-12-31": {
            "date": "2008-12-31",
            "filing_date": "2008-12-31",
            "currency_symbol": "CHF",
            "researchDevelopment": "1359000000.00",
            "effectOfAccountingCharges": null,
            "incomeBeforeTax": "10338000000.00",
            "minorityInterest": null,
            "netIncome": "18039000000.00",
            "sellingGeneralAdministrative": null,
            "sellingAndMarketingExpenses": "42731000000.00",
            "grossProfit": "57330000000.00",
            "reconciledDepreciation": null,
            "ebit": "11385000000.00",
            "ebitda": "14634000000.00",
            "depreciationAndAmortization": "3249000000.00",
            "nonOperatingIncomeNetOther": null,
            "operatingIncome": "10338000000.00",
            "otherOperatingExpenses": "92748000000.00",
            "interestExpense": "1047000000.00",
            "taxProvision": null,
            "interestIncome": null,
            "netInterestIncome": null,
            "extraordinaryItems": null,
            "nonRecurring": null,
            "otherItems": null,
            "incomeTaxExpense": "3687000000.00",
            "totalRevenue": "103086000000.00",
            "totalOperatingExpenses": "46992000000.00",
            "costOfRevenue": "45756000000.00",
            "totalOtherIncomeExpenseNet": "-2902000000.00",
            "discontinuedOperations": null,
            "netIncomeFromContinuingOps": null,
            "netIncomeApplicableToCommonShares": null,
            "preferredStockAndOtherAdjustments": null
        },
        "2007-12-31": {
            "date": "2007-12-31",
            "filing_date": "2007-12-31",
            "currency_symbol": "CHF",
            "researchDevelopment": "1875000000.00",
            "effectOfAccountingCharges": null,
            "incomeBeforeTax": "13518000000.00",
            "minorityInterest": null,
            "netIncome": "10649000000.00",
            "sellingGeneralAdministrative": null,
            "sellingAndMarketingExpenses": "45616000000.00",
            "grossProfit": "62515000000.00",
            "reconciledDepreciation": null,
            "ebit": "14999000000.00",
            "ebitda": "18210000000.00",
            "depreciationAndAmortization": "3211000000.00",
            "nonOperatingIncomeNetOther": null,
            "operatingIncome": "13518000000.00",
            "otherOperatingExpenses": "94034000000.00",
            "interestExpense": "1481000000.00",
            "taxProvision": null,
            "interestIncome": null,
            "netInterestIncome": null,
            "extraordinaryItems": null,
            "nonRecurring": null,
            "otherItems": null,
            "incomeTaxExpense": "3416000000.00",
            "totalRevenue": "107552000000.00",
            "totalOperatingExpenses": "48997000000.00",
            "costOfRevenue": "45037000000.00",
            "totalOtherIncomeExpenseNet": "-916000000.00",
            "discontinuedOperations": null,
            "netIncomeFromContinuingOps": null,
            "netIncomeApplicableToCommonShares": null,
            "preferredStockAndOtherAdjustments": null
        },
        "2006-12-31": {
            "date": "2006-12-31",
            "filing_date": "2006-12-31",
            "currency_symbol": "CHF",
            "researchDevelopment": "1734000000.00",
            "effectOfAccountingCharges": null,
            "incomeBeforeTax": "12105000000.00",
            "minorityInterest": null,
            "netIncome": "9197000000.00",
            "sellingGeneralAdministrative": null,
            "sellingAndMarketingExpenses": "42709000000.00",
            "grossProfit": "57745000000.00",
            "reconciledDepreciation": null,
            "ebit": "13516000000.00",
            "ebitda": "16577000000.00",
            "depreciationAndAmortization": "3061000000.00",
            "nonOperatingIncomeNetOther": null,
            "operatingIncome": "12786000000.00",
            "otherOperatingExpenses": "85672000000.00",
            "interestExpense": "296000000.00",
            "taxProvision": null,
            "interestIncome": null,
            "netInterestIncome": null,
            "extraordinaryItems": null,
            "nonRecurring": null,
            "otherItems": null,
            "incomeTaxExpense": "3293000000.00",
            "totalRevenue": "98458000000.00",
            "totalOperatingExpenses": "44959000000.00",
            "costOfRevenue": "40713000000.00",
            "totalOtherIncomeExpenseNet": "-681000000.00",
            "discontinuedOperations": null,
            "netIncomeFromContinuingOps": null,
            "netIncomeApplicableToCommonShares": null,
            "preferredStockAndOtherAdjustments": null
        },
        "2005-12-31": {
            "date": "2005-12-31",
            "filing_date": "2005-12-31",
            "currency_symbol": "CHF",
            "researchDevelopment": "1499000000.00",
            "effectOfAccountingCharges": null,
            "incomeBeforeTax": "10369000000.00",
            "minorityInterest": null,
            "netIncome": "8081000000.00",
            "sellingGeneralAdministrative": null,
            "sellingAndMarketingExpenses": "39823000000.00",
            "grossProfit": "53198000000.00",
            "reconciledDepreciation": null,
            "ebit": "10956000000.00",
            "ebitda": "13684000000.00",
            "depreciationAndAmortization": "2728000000.00",
            "nonOperatingIncomeNetOther": null,
            "operatingIncome": "10369000000.00",
            "otherOperatingExpenses": "80746000000.00",
            "interestExpense": "208000000.00",
            "taxProvision": null,
            "interestIncome": null,
            "netInterestIncome": null,
            "extraordinaryItems": null,
            "nonRecurring": null,
            "otherItems": null,
            "incomeTaxExpense": "2647000000.00",
            "totalRevenue": "91115000000.00",
            "totalOperatingExpenses": "42829000000.00",
            "costOfRevenue": "37917000000.00",
            "totalOtherIncomeExpenseNet": "-1053000000.00",
            "discontinuedOperations": null,
            "netIncomeFromContinuingOps": null,
            "netIncomeApplicableToCommonShares": null,
            "preferredStockAndOtherAdjustments": null
        },
        "2004-12-31": {
            "date": "2004-12-31",
            "filing_date": "2004-12-31",
            "currency_symbol": "CHF",
            "researchDevelopment": "1433000000.00",
            "effectOfAccountingCharges": null,
            "incomeBeforeTax": "7818000000.00",
            "minorityInterest": null,
            "netIncome": "7031000000.00",
            "sellingGeneralAdministrative": "6838000000.00",
            "sellingAndMarketingExpenses": "30347000000.00",
            "grossProfit": "49378000000.00",
            "reconciledDepreciation": null,
            "ebit": "8908000000.00",
            "ebitda": "13291000000.00",
            "depreciationAndAmortization": "4383000000.00",
            "nonOperatingIncomeNetOther": null,
            "operatingIncome": "8487000000.00",
            "otherOperatingExpenses": "76203000000.00",
            "interestExpense": "1090000000.00",
            "taxProvision": null,
            "interestIncome": null,
            "netInterestIncome": null,
            "extraordinaryItems": null,
            "nonRecurring": null,
            "otherItems": null,
            "incomeTaxExpense": "2404000000.00",
            "totalRevenue": "84690000000.00",
            "totalOperatingExpenses": "40891000000.00",
            "costOfRevenue": "35312000000.00",
            "totalOtherIncomeExpenseNet": "-669000000.00",
            "discontinuedOperations": null,
            "netIncomeFromContinuingOps": null,
            "netIncomeApplicableToCommonShares": null,
            "preferredStockAndOtherAdjustments": null
        },
        "2003-12-31": {
            "date": "2003-12-31",
            "filing_date": "2003-12-31",
            "currency_symbol": "CHF",
            "researchDevelopment": "1205000000.00",
            "effectOfAccountingCharges": null,
            "incomeBeforeTax": "8307000000.00",
            "minorityInterest": null,
            "netIncome": "6213000000.00",
            "sellingGeneralAdministrative": "7104000000.00",
            "sellingAndMarketingExpenses": "31081000000.00",
            "grossProfit": "50396000000.00",
            "reconciledDepreciation": null,
            "ebit": "8901000000.00",
            "ebitda": "13135000000.00",
            "depreciationAndAmortization": "4234000000.00",
            "nonOperatingIncomeNetOther": null,
            "operatingIncome": "8901000000.00",
            "otherOperatingExpenses": "79078000000.00",
            "interestExpense": "594000000.00",
            "taxProvision": null,
            "interestIncome": null,
            "netInterestIncome": null,
            "extraordinaryItems": null,
            "nonRecurring": null,
            "otherItems": null,
            "incomeTaxExpense": "2307000000.00",
            "totalRevenue": "87979000000.00",
            "totalOperatingExpenses": "41495000000.00",
            "costOfRevenue": "37583000000.00",
            "totalOtherIncomeExpenseNet": "-594000000.00",
            "discontinuedOperations": null,
            "netIncomeFromContinuingOps": null,
            "netIncomeApplicableToCommonShares": null,
            "preferredStockAndOtherAdjustments": null
        },
        "2002-12-31": {
            "date": "2002-12-31",
            "filing_date": "2002-12-31",
            "currency_symbol": "CHF",
            "researchDevelopment": "1208000000.00",
            "effectOfAccountingCharges": null,
            "incomeBeforeTax": "9684000000.00",
            "minorityInterest": null,
            "netIncome": "7564000000.00",
            "sellingGeneralAdministrative": "7112000000.00",
            "sellingAndMarketingExpenses": "31379000000.00",
            "grossProfit": "50639000000.00",
            "reconciledDepreciation": null,
            "ebit": "11094000000.00",
            "ebitda": "15263000000.00",
            "depreciationAndAmortization": "4169000000.00",
            "nonOperatingIncomeNetOther": null,
            "operatingIncome": "10349000000.00",
            "otherOperatingExpenses": "78811000000.00",
            "interestExpense": "1410000000.00",
            "taxProvision": null,
            "interestIncome": null,
            "netInterestIncome": null,
            "extraordinaryItems": null,
            "nonRecurring": null,
            "otherItems": null,
            "incomeTaxExpense": "2295000000.00",
            "totalRevenue": "89160000000.00",
            "totalOperatingExpenses": "40290000000.00",
            "costOfRevenue": "38521000000.00",
            "totalOtherIncomeExpenseNet": "-665000000.00",
            "discontinuedOperations": null,
            "netIncomeFromContinuingOps": null,
            "netIncomeApplicableToCommonShares": null,
            "preferredStockAndOtherAdjustments": null
        },
        "2001-12-31": {
            "date": "2001-12-31",
            "filing_date": "2001-12-31",
            "currency_symbol": "CHF",
            "researchDevelopment": "1162000000.00",
            "effectOfAccountingCharges": null,
            "incomeBeforeTax": "8767000000.00",
            "minorityInterest": null,
            "netIncome": "6681000000.00",
            "sellingGeneralAdministrative": "29372000000.00",
            "sellingAndMarketingExpenses": "6421000000.00",
            "grossProfit": "46942000000.00",
            "reconciledDepreciation": null,
            "ebit": "9309000000.00",
            "ebitda": "11890000000.00",
            "depreciationAndAmortization": "2581000000.00",
            "nonOperatingIncomeNetOther": null,
            "operatingIncome": "9309000000.00",
            "otherOperatingExpenses": "75389000000.00",
            "interestExpense": "658000000.00",
            "taxProvision": null,
            "interestIncome": null,
            "netInterestIncome": null,
            "extraordinaryItems": null,
            "nonRecurring": null,
            "otherItems": null,
            "incomeTaxExpense": "2429000000.00",
            "totalRevenue": "84698000000.00",
            "totalOperatingExpenses": "37633000000.00",
            "costOfRevenue": "37756000000.00",
            "totalOtherIncomeExpenseNet": "-542000000.00",
            "discontinuedOperations": null,
            "netIncomeFromContinuingOps": null,
            "netIncomeApplicableToCommonShares": null,
            "preferredStockAndOtherAdjustments": null
        },
        "2000-12-31": {
            "date": "2000-12-31",
            "filing_date": "2000-12-31",
            "currency_symbol": "CHF",
            "researchDevelopment": "1038000000.00",
            "effectOfAccountingCharges": null,
            "incomeBeforeTax": "8341000000.00",
            "minorityInterest": null,
            "netIncome": "5763000000.00",
            "sellingGeneralAdministrative": "26467000000.00",
            "sellingAndMarketingExpenses": "5884000000.00",
            "grossProfit": "43301000000.00",
            "reconciledDepreciation": null,
            "ebit": "9498000000.00",
            "ebitda": "12235000000.00",
            "depreciationAndAmortization": "2737000000.00",
            "nonOperatingIncomeNetOther": null,
            "operatingIncome": "9186000000.00",
            "otherOperatingExpenses": "72236000000.00",
            "interestExpense": "1286000000.00",
            "taxProvision": null,
            "interestIncome": null,
            "netInterestIncome": null,
            "extraordinaryItems": null,
            "nonRecurring": null,
            "otherItems": null,
            "incomeTaxExpense": "2761000000.00",
            "totalRevenue": "81422000000.00",
            "totalOperatingExpenses": "34115000000.00",
            "costOfRevenue": "38121000000.00",
            "totalOtherIncomeExpenseNet": "-845000000.00",
            "discontinuedOperations": null,
            "netIncomeFromContinuingOps": null,
            "netIncomeApplicableToCommonShares": null,
            "preferredStockAndOtherAdjustments": null
        },
        "1999-12-31": {
            "date": "1999-12-31",
            "filing_date": "1999-12-31",
            "currency_symbol": "CHF",
            "researchDevelopment": "893000000.00",
            "effectOfAccountingCharges": null,
            "incomeBeforeTax": "6859000000.00",
            "minorityInterest": null,
            "netIncome": "4724000000.00",
            "sellingGeneralAdministrative": "23887000000.00",
            "sellingAndMarketingExpenses": "5268000000.00",
            "grossProfit": "38748000000.00",
            "reconciledDepreciation": null,
            "ebit": "8316000000.00",
            "ebitda": "10913000000.00",
            "depreciationAndAmortization": "2597000000.00",
            "nonOperatingIncomeNetOther": null,
            "operatingIncome": "7914000000.00",
            "otherOperatingExpenses": "66746000000.00",
            "interestExpense": "1680000000.00",
            "taxProvision": null,
            "interestIncome": null,
            "netInterestIncome": null,
            "extraordinaryItems": null,
            "nonRecurring": null,
            "otherItems": null,
            "incomeTaxExpense": "2314000000.00",
            "totalRevenue": "74660000000.00",
            "totalOperatingExpenses": "30834000000.00",
            "costOfRevenue": "35912000000.00",
            "totalOtherIncomeExpenseNet": "-1055000000.00",
            "discontinuedOperations": null,
            "netIncomeFromContinuingOps": null,
            "netIncomeApplicableToCommonShares": null,
            "preferredStockAndOtherAdjustments": null
        },
        "1998-12-31": {
            "date": "1998-12-31",
            "filing_date": "1998-12-31",
            "currency_symbol": "CHF",
            "researchDevelopment": "807000000.00",
            "effectOfAccountingCharges": null,
            "incomeBeforeTax": "6033000000.00",
            "minorityInterest": null,
            "netIncome": "4205000000.00",
            "sellingGeneralAdministrative": "22484000000.00",
            "sellingAndMarketingExpenses": "4887000000.00",
            "grossProfit": "35784000000.00",
            "reconciledDepreciation": null,
            "ebit": "7305000000.00",
            "ebitda": "9914000000.00",
            "depreciationAndAmortization": "2609000000.00",
            "nonOperatingIncomeNetOther": null,
            "operatingIncome": "7081000000.00",
            "otherOperatingExpenses": "64666000000.00",
            "interestExpense": "1255000000.00",
            "taxProvision": null,
            "interestIncome": null,
            "netInterestIncome": null,
            "extraordinaryItems": null,
            "nonRecurring": null,
            "otherItems": null,
            "incomeTaxExpense": "2000000000.00",
            "totalRevenue": "71747000000.00",
            "totalOperatingExpenses": "28703000000.00",
            "costOfRevenue": "35963000000.00",
            "totalOtherIncomeExpenseNet": "-1048000000.00",
            "discontinuedOperations": null,
            "netIncomeFromContinuingOps": null,
            "netIncomeApplicableToCommonShares": null,
            "preferredStockAndOtherAdjustments": null
        }
    }
}