{
    "currency_symbol": "EUR",
    "quarterly": {
        "2025-06-30": {
            "date": "2025-06-30",
            "filing_date": null,
            "currency_symbol": "EUR",
            "researchDevelopment": null,
            "effectOfAccountingCharges": null,
            "incomeBeforeTax": "1400000000.00",
            "minorityInterest": "-192000000.00",
            "netIncome": "921000000.00",
            "sellingGeneralAdministrative": "393000000.00",
            "sellingAndMarketingExpenses": null,
            "grossProfit": null,
            "reconciledDepreciation": "131000000.00",
            "ebit": null,
            "ebitda": null,
            "depreciationAndAmortization": null,
            "nonOperatingIncomeNetOther": null,
            "operatingIncome": null,
            "otherOperatingExpenses": null,
            "interestExpense": null,
            "taxProvision": "287000000.00",
            "interestIncome": "1914000000.00",
            "netInterestIncome": "1914000000.00",
            "extraordinaryItems": null,
            "nonRecurring": null,
            "otherItems": null,
            "incomeTaxExpense": null,
            "totalRevenue": "2843000000.00",
            "totalOperatingExpenses": null,
            "costOfRevenue": null,
            "totalOtherIncomeExpenseNet": null,
            "discontinuedOperations": null,
            "netIncomeFromContinuingOps": "1113000000.00",
            "netIncomeApplicableToCommonShares": null,
            "preferredStockAndOtherAdjustments": null
        },
        "2025-03-31": {
            "date": "2025-03-31",
            "filing_date": null,
            "currency_symbol": "EUR",
            "researchDevelopment": null,
            "effectOfAccountingCharges": null,
            "incomeBeforeTax": "1182000000.00",
            "minorityInterest": "-197000000.00",
            "netIncome": "743000000.00",
            "sellingGeneralAdministrative": "308000000.00",
            "sellingAndMarketingExpenses": null,
            "grossProfit": null,
            "reconciledDepreciation": "135000000.00",
            "ebit": null,
            "ebitda": null,
            "depreciationAndAmortization": null,
            "nonOperatingIncomeNetOther": null,
            "operatingIncome": null,
            "otherOperatingExpenses": null,
            "interestExpense": "2447000000.00",
            "taxProvision": "242000000.00",
            "interestIncome": "4318000000.00",
            "netInterestIncome": "1871000000.00",
            "extraordinaryItems": null,
            "nonRecurring": null,
            "otherItems": null,
            "incomeTaxExpense": null,
            "totalRevenue": "2790000000.00",
            "totalOperatingExpenses": null,
            "costOfRevenue": null,
            "totalOtherIncomeExpenseNet": null,
            "discontinuedOperations": null,
            "netIncomeFromContinuingOps": "940000000.00",
            "netIncomeApplicableToCommonShares": null,
            "preferredStockAndOtherAdjustments": null
        },
        "2024-12-31": {
            "date": "2024-12-31",
            "filing_date": null,
            "currency_symbol": "EUR",
            "researchDevelopment": null,
            "effectOfAccountingCharges": null,
            "incomeBeforeTax": "1011000000.00",
            "minorityInterest": "-166000000.00",
            "netIncome": "609000000.00",
            "sellingGeneralAdministrative": "443000000.00",
            "sellingAndMarketingExpenses": null,
            "grossProfit": null,
            "reconciledDepreciation": "156000000.00",
            "ebit": null,
            "ebitda": null,
            "depreciationAndAmortization": null,
            "nonOperatingIncomeNetOther": null,
            "operatingIncome": null,
            "otherOperatingExpenses": null,
            "interestExpense": null,
            "taxProvision": "235000000.00",
            "interestIncome": "1938000000.00",
            "netInterestIncome": "1938000000.00",
            "extraordinaryItems": null,
            "nonRecurring": null,
            "otherItems": null,
            "incomeTaxExpense": null,
            "totalRevenue": "2782000000.00",
            "totalOperatingExpenses": null,
            "costOfRevenue": null,
            "totalOtherIncomeExpenseNet": null,
            "discontinuedOperations": null,
            "netIncomeFromContinuingOps": "776000000.00",
            "netIncomeApplicableToCommonShares": null,
            "preferredStockAndOtherAdjustments": null
        },
        "2024-09-30": {
            "date": "2024-09-30",
            "filing_date": null,
            "currency_symbol": "EUR",
            "researchDevelopment": null,
            "effectOfAccountingCharges": null,
            "incomeBeforeTax": "1394000000.00",
            "minorityInterest": "-222000000.00",
            "netIncome": "886000000.00",
            "sellingGeneralAdministrative": "341000000.00",
            "sellingAndMarketingExpenses": null,
            "grossProfit": null,
            "reconciledDepreciation": "132000000.00",
            "ebit": null,
            "ebitda": null,
            "depreciationAndAmortization": null,
            "nonOperatingIncomeNetOther": null,
            "operatingIncome": null,
            "otherOperatingExpenses": null,
            "interestExpense": "2813000000.00",
            "taxProvision": "286000000.00",
            "interestIncome": "4715000000.00",
            "netInterestIncome": "1902000000.00",
            "extraordinaryItems": null,
            "nonRecurring": null,
            "otherItems": null,
            "incomeTaxExpense": null,
            "totalRevenue": "2771000000.00",
            "totalOperatingExpenses": null,
            "costOfRevenue": null,
            "totalOtherIncomeExpenseNet": null,
            "discontinuedOperations": null,
            "netIncomeFromContinuingOps": "1108000000.00",
            "netIncomeApplicableToCommonShares": null,
            "preferredStockAndOtherAdjustments": null
        },
        "2024-06-30": {
            "date": "2024-06-30",
            "filing_date": null,
            "currency_symbol": "EUR",
            "researchDevelopment": null,
            "effectOfAccountingCharges": null,
            "incomeBeforeTax": "1308000000.00",
            "minorityInterest": "-187000000.00",
            "netIncome": "846000000.00",
            "sellingGeneralAdministrative": "343000000.00",
            "sellingAndMarketingExpenses": null,
            "grossProfit": null,
            "reconciledDepreciation": "132000000.00",
            "ebit": null,
            "ebitda": null,
            "depreciationAndAmortization": null,
            "nonOperatingIncomeNetOther": null,
            "operatingIncome": null,
            "otherOperatingExpenses": null,
            "interestExpense": null,
            "taxProvision": "275000000.00",
            "interestIncome": "1835000000.00",
            "netInterestIncome": "1835000000.00",
            "extraordinaryItems": null,
            "nonRecurring": null,
            "otherItems": null,
            "incomeTaxExpense": null,
            "totalRevenue": "2727000000.00",
            "totalOperatingExpenses": null,
            "costOfRevenue": null,
            "totalOtherIncomeExpenseNet": null,
            "discontinuedOperations": null,
            "netIncomeFromContinuingOps": "1033000000.00",
            "netIncomeApplicableToCommonShares": null,
            "preferredStockAndOtherAdjustments": null
        },
        "2024-03-31": {
            "date": "2024-03-31",
            "filing_date": null,
            "currency_symbol": "EUR",
            "researchDevelopment": null,
            "effectOfAccountingCharges": null,
            "incomeBeforeTax": "1283912000.00",
            "minorityInterest": "-243856000.00",
            "netIncome": "783274000.00",
            "sellingGeneralAdministrative": "272000000.00",
            "sellingAndMarketingExpenses": null,
            "grossProfit": null,
            "reconciledDepreciation": "134000000.00",
            "ebit": null,
            "ebitda": null,
            "depreciationAndAmortization": null,
            "nonOperatingIncomeNetOther": null,
            "operatingIncome": null,
            "otherOperatingExpenses": null,
            "interestExpense": "3195000000.00",
            "taxProvision": "256782000.00",
            "interestIncome": "5046000000.00",
            "netInterestIncome": "1851000000.00",
            "extraordinaryItems": null,
            "nonRecurring": null,
            "otherItems": null,
            "incomeTaxExpense": null,
            "totalRevenue": "2780465000.00",
            "totalOperatingExpenses": null,
            "costOfRevenue": null,
            "totalOtherIncomeExpenseNet": null,
            "discontinuedOperations": null,
            "netIncomeFromContinuingOps": "1027130000.00",
            "netIncomeApplicableToCommonShares": null,
            "preferredStockAndOtherAdjustments": null
        },
        "2023-12-31": {
            "date": "2023-12-31",
            "filing_date": null,
            "currency_symbol": "EUR",
            "researchDevelopment": null,
            "effectOfAccountingCharges": null,
            "incomeBeforeTax": "1075000000.00",
            "minorityInterest": "-182000000.00",
            "netIncome": "688000000.00",
            "sellingGeneralAdministrative": "406000000.00",
            "sellingAndMarketingExpenses": null,
            "grossProfit": null,
            "reconciledDepreciation": "215000000.00",
            "ebit": null,
            "ebitda": null,
            "depreciationAndAmortization": null,
            "nonOperatingIncomeNetOther": null,
            "operatingIncome": null,
            "otherOperatingExpenses": null,
            "interestExpense": "3217600000.00",
            "taxProvision": "205000000.00",
            "interestIncome": "1806000000.00",
            "netInterestIncome": "1806000000.00",
            "extraordinaryItems": null,
            "nonRecurring": null,
            "otherItems": null,
            "incomeTaxExpense": null,
            "totalRevenue": "2556000000.00",
            "totalOperatingExpenses": null,
            "costOfRevenue": null,
            "totalOtherIncomeExpenseNet": null,
            "discontinuedOperations": null,
            "netIncomeFromContinuingOps": "870000000.00",
            "netIncomeApplicableToCommonShares": null,
            "preferredStockAndOtherAdjustments": null
        },
        "2023-09-30": {
            "date": "2023-09-30",
            "filing_date": null,
            "currency_symbol": "EUR",
            "researchDevelopment": null,
            "effectOfAccountingCharges": null,
            "incomeBeforeTax": "1283500000.00",
            "minorityInterest": "-232800000.00",
            "netIncome": "819700000.00",
            "sellingGeneralAdministrative": "323800000.00",
            "sellingAndMarketingExpenses": null,
            "grossProfit": null,
            "reconciledDepreciation": "141000000.00",
            "ebit": null,
            "ebitda": null,
            "depreciationAndAmortization": null,
            "nonOperatingIncomeNetOther": null,
            "operatingIncome": null,
            "otherOperatingExpenses": null,
            "interestExpense": "3222800000.00",
            "taxProvision": "231000000.00",
            "interestIncome": "5084000000.00",
            "netInterestIncome": "1861200000.00",
            "extraordinaryItems": null,
            "nonRecurring": null,
            "otherItems": null,
            "incomeTaxExpense": null,
            "totalRevenue": "2681700000.00",
            "totalOperatingExpenses": null,
            "costOfRevenue": null,
            "totalOtherIncomeExpenseNet": null,
            "discontinuedOperations": null,
            "netIncomeFromContinuingOps": "1052500000.00",
            "netIncomeApplicableToCommonShares": null,
            "preferredStockAndOtherAdjustments": null
        },
        "2023-06-30": {
            "date": "2023-06-30",
            "filing_date": null,
            "currency_symbol": "EUR",
            "researchDevelopment": null,
            "effectOfAccountingCharges": null,
            "incomeBeforeTax": "1433400000.00",
            "minorityInterest": "-284100000.00",
            "netIncome": "896300000.00",
            "sellingGeneralAdministrative": "1230200000.00",
            "sellingAndMarketingExpenses": null,
            "grossProfit": null,
            "reconciledDepreciation": "140000000.00",
            "ebit": null,
            "ebitda": null,
            "depreciationAndAmortization": null,
            "nonOperatingIncomeNetOther": null,
            "operatingIncome": null,
            "otherOperatingExpenses": "7300000.00",
            "interestExpense": null,
            "taxProvision": "253000000.00",
            "interestIncome": "1792200000.00",
            "netInterestIncome": "1792200000.00",
            "extraordinaryItems": null,
            "nonRecurring": null,
            "otherItems": null,
            "incomeTaxExpense": null,
            "totalRevenue": "2655500000.00",
            "totalOperatingExpenses": null,
            "costOfRevenue": null,
            "totalOtherIncomeExpenseNet": null,
            "discontinuedOperations": null,
            "netIncomeFromContinuingOps": "1180400000.00",
            "netIncomeApplicableToCommonShares": null,
            "preferredStockAndOtherAdjustments": null
        },
        "2023-03-31": {
            "date": "2023-03-31",
            "filing_date": null,
            "currency_symbol": "EUR",
            "researchDevelopment": null,
            "effectOfAccountingCharges": null,
            "incomeBeforeTax": "1003167000.00",
            "minorityInterest": "-223970000.00",
            "netIncome": "593611000.00",
            "sellingGeneralAdministrative": "408619000.00",
            "sellingAndMarketingExpenses": null,
            "grossProfit": null,
            "reconciledDepreciation": "136000.00",
            "ebit": null,
            "ebitda": null,
            "depreciationAndAmortization": null,
            "nonOperatingIncomeNetOther": null,
            "operatingIncome": null,
            "otherOperatingExpenses": "275880000.00",
            "interestExpense": "2687500000.00",
            "taxProvision": "185586000.00",
            "interestIncome": "4456500000.00",
            "netInterestIncome": "1769000000.00",
            "extraordinaryItems": null,
            "nonRecurring": null,
            "otherItems": null,
            "incomeTaxExpense": null,
            "totalRevenue": "2495100000.00",
            "totalOperatingExpenses": null,
            "costOfRevenue": null,
            "totalOtherIncomeExpenseNet": null,
            "discontinuedOperations": null,
            "netIncomeFromContinuingOps": "817581000.00",
            "netIncomeApplicableToCommonShares": null,
            "preferredStockAndOtherAdjustments": null
        },
        "2022-12-31": {
            "date": "2022-12-31",
            "filing_date": null,
            "currency_symbol": "EUR",
            "researchDevelopment": null,
            "effectOfAccountingCharges": null,
            "incomeBeforeTax": "808280000.00",
            "minorityInterest": "-169045000.00",
            "netIncome": "517676000.00",
            "sellingGeneralAdministrative": "313300000.00",
            "sellingAndMarketingExpenses": null,
            "grossProfit": null,
            "reconciledDepreciation": "167800000.00",
            "ebit": null,
            "ebitda": null,
            "depreciationAndAmortization": null,
            "nonOperatingIncomeNetOther": null,
            "operatingIncome": null,
            "otherOperatingExpenses": "152100000.00",
            "interestExpense": "2142600000.00",
            "taxProvision": "121558000.00",
            "interestIncome": "3707700000.00",
            "netInterestIncome": "1565100000.00",
            "extraordinaryItems": null,
            "nonRecurring": null,
            "otherItems": null,
            "incomeTaxExpense": "121600000.00",
            "totalRevenue": "2206912000.00",
            "totalOperatingExpenses": null,
            "costOfRevenue": null,
            "totalOtherIncomeExpenseNet": null,
            "discontinuedOperations": null,
            "netIncomeFromContinuingOps": "686722000.00",
            "netIncomeApplicableToCommonShares": "517700000.00",
            "preferredStockAndOtherAdjustments": null
        },
        "2022-09-30": {
            "date": "2022-09-30",
            "filing_date": null,
            "currency_symbol": "EUR",
            "researchDevelopment": null,
            "effectOfAccountingCharges": null,
            "incomeBeforeTax": "754900000.00",
            "minorityInterest": "-125600000.00",
            "netIncome": "510000000.00",
            "sellingGeneralAdministrative": "285700000.00",
            "sellingAndMarketingExpenses": null,
            "grossProfit": null,
            "reconciledDepreciation": "-272574000.00",
            "ebit": null,
            "ebitda": null,
            "depreciationAndAmortization": null,
            "nonOperatingIncomeNetOther": null,
            "operatingIncome": null,
            "otherOperatingExpenses": "72300000.00",
            "interestExpense": "1462800000.00",
            "taxProvision": "119300000.00",
            "interestIncome": "1548200000.00",
            "netInterestIncome": "1548200000.00",
            "extraordinaryItems": null,
            "nonRecurring": null,
            "otherItems": null,
            "incomeTaxExpense": "119300000.00",
            "totalRevenue": "2076200000.00",
            "totalOperatingExpenses": null,
            "costOfRevenue": null,
            "totalOtherIncomeExpenseNet": null,
            "discontinuedOperations": null,
            "netIncomeFromContinuingOps": "635600000.00",
            "netIncomeApplicableToCommonShares": "510000000.00",
            "preferredStockAndOtherAdjustments": null
        },
        "2022-06-30": {
            "date": "2022-06-30",
            "filing_date": "2022-06-30",
            "currency_symbol": "EUR",
            "researchDevelopment": null,
            "effectOfAccountingCharges": null,
            "incomeBeforeTax": "1049200000.00",
            "minorityInterest": "-161300000.00",
            "netIncome": "688200000.00",
            "sellingGeneralAdministrative": "1050100000.00",
            "sellingAndMarketingExpenses": null,
            "grossProfit": null,
            "reconciledDepreciation": "137000000.00",
            "ebit": "887900000.00",
            "ebitda": "1024900000.00",
            "depreciationAndAmortization": "137000000.00",
            "nonOperatingIncomeNetOther": null,
            "operatingIncome": null,
            "otherOperatingExpenses": "66400000.00",
            "interestExpense": null,
            "taxProvision": "199700000.00",
            "interestIncome": "1444900000.00",
            "netInterestIncome": "1444900000.00",
            "extraordinaryItems": null,
            "nonRecurring": null,
            "otherItems": null,
            "incomeTaxExpense": "199700000.00",
            "totalRevenue": "2075600000.00",
            "totalOperatingExpenses": "1116600000.00",
            "costOfRevenue": null,
            "totalOtherIncomeExpenseNet": null,
            "discontinuedOperations": null,
            "netIncomeFromContinuingOps": "849500000.00",
            "netIncomeApplicableToCommonShares": "634800000.00",
            "preferredStockAndOtherAdjustments": null
        },
        "2022-03-31": {
            "date": "2022-03-31",
            "filing_date": "2022-03-31",
            "currency_symbol": "EUR",
            "researchDevelopment": null,
            "effectOfAccountingCharges": null,
            "incomeBeforeTax": "610071000.00",
            "minorityInterest": "-45661000.00",
            "netIncome": "448848000.00",
            "sellingGeneralAdministrative": "468053000.00",
            "sellingAndMarketingExpenses": null,
            "grossProfit": null,
            "reconciledDepreciation": "136000000.00",
            "ebit": "1256310000.00",
            "ebitda": "1392310000.00",
            "depreciationAndAmortization": "136000000.00",
            "nonOperatingIncomeNetOther": null,
            "operatingIncome": null,
            "otherOperatingExpenses": "129327000.00",
            "interestExpense": "691900000.00",
            "taxProvision": "115562000.00",
            "interestIncome": "2084100000.00",
            "netInterestIncome": "1392200000.00",
            "extraordinaryItems": null,
            "nonRecurring": null,
            "otherItems": null,
            "incomeTaxExpense": "115562000.00",
            "totalRevenue": "2045251000.00",
            "totalOperatingExpenses": "1385821000.00",
            "costOfRevenue": null,
            "totalOtherIncomeExpenseNet": null,
            "discontinuedOperations": null,
            "netIncomeFromContinuingOps": "494509000.00",
            "netIncomeApplicableToCommonShares": "448783000.00",
            "preferredStockAndOtherAdjustments": null
        },
        "2021-12-31": {
            "date": "2021-12-31",
            "filing_date": "2021-12-31",
            "currency_symbol": "EUR",
            "researchDevelopment": null,
            "effectOfAccountingCharges": null,
            "incomeBeforeTax": "651270000.00",
            "minorityInterest": "-87604000.00",
            "netIncome": "472031000.00",
            "sellingGeneralAdministrative": "333737000.00",
            "sellingAndMarketingExpenses": null,
            "grossProfit": null,
            "reconciledDepreciation": "134877000.00",
            "ebit": "1019826000.00",
            "ebitda": "1193426000.00",
            "depreciationAndAmortization": "173600000.00",
            "nonOperatingIncomeNetOther": null,
            "operatingIncome": null,
            "otherOperatingExpenses": "15097000.00",
            "interestExpense": "456200000.00",
            "taxProvision": "91608000.00",
            "interestIncome": "1762664000.00",
            "netInterestIncome": "1306380000.00",
            "extraordinaryItems": null,
            "nonRecurring": null,
            "otherItems": null,
            "incomeTaxExpense": "91595000.00",
            "totalRevenue": "1891910000.00",
            "totalOperatingExpenses": "1111376000.00",
            "costOfRevenue": null,
            "totalOtherIncomeExpenseNet": null,
            "discontinuedOperations": null,
            "netIncomeFromContinuingOps": "559616000.00",
            "netIncomeApplicableToCommonShares": "396434000.00",
            "preferredStockAndOtherAdjustments": null
        },
        "2021-09-30": {
            "date": "2021-09-30",
            "filing_date": "2021-09-30",
            "currency_symbol": "EUR",
            "researchDevelopment": null,
            "effectOfAccountingCharges": null,
            "incomeBeforeTax": "847000000.00",
            "minorityInterest": "-167300000.00",
            "netIncome": "533400000.00",
            "sellingGeneralAdministrative": "265300000.00",
            "sellingAndMarketingExpenses": null,
            "grossProfit": null,
            "reconciledDepreciation": "148000000.00",
            "ebit": "1069700000.00",
            "ebitda": "1217700000.00",
            "depreciationAndAmortization": "148000000.00",
            "nonOperatingIncomeNetOther": null,
            "operatingIncome": null,
            "otherOperatingExpenses": "89200000.00",
            "interestExpense": "390000000.00",
            "taxProvision": "146300000.00",
            "interestIncome": "1610800000.00",
            "netInterestIncome": "1220800000.00",
            "extraordinaryItems": null,
            "nonRecurring": null,
            "otherItems": null,
            "incomeTaxExpense": "146300000.00",
            "totalRevenue": "1920900000.00",
            "totalOperatingExpenses": "1108900000.00",
            "costOfRevenue": null,
            "totalOtherIncomeExpenseNet": null,
            "discontinuedOperations": null,
            "netIncomeFromContinuingOps": "700700000.00",
            "netIncomeApplicableToCommonShares": "533400000.00",
            "preferredStockAndOtherAdjustments": null
        },
        "2021-06-30": {
            "date": "2021-06-30",
            "filing_date": "2021-06-30",
            "currency_symbol": "EUR",
            "researchDevelopment": null,
            "effectOfAccountingCharges": null,
            "incomeBeforeTax": "870100000.00",
            "minorityInterest": "5282467000.00",
            "netIncome": "562900000.00",
            "sellingGeneralAdministrative": "235500000.00",
            "sellingAndMarketingExpenses": null,
            "grossProfit": null,
            "reconciledDepreciation": "148000000.00",
            "ebit": "1114200000.00",
            "ebitda": "1262200000.00",
            "depreciationAndAmortization": "148000000.00",
            "nonOperatingIncomeNetOther": null,
            "operatingIncome": null,
            "otherOperatingExpenses": "45800000.00",
            "interestExpense": "388300000.00",
            "taxProvision": "163000000.00",
            "interestIncome": "1664900000.00",
            "netInterestIncome": "1276600000.00",
            "extraordinaryItems": null,
            "nonRecurring": null,
            "otherItems": null,
            "incomeTaxExpense": "163000000.00",
            "totalRevenue": "1957900000.00",
            "totalOperatingExpenses": "1045400000.00",
            "costOfRevenue": null,
            "totalOtherIncomeExpenseNet": null,
            "discontinuedOperations": null,
            "netIncomeFromContinuingOps": "707000000.00",
            "netIncomeApplicableToCommonShares": "562900000.00",
            "preferredStockAndOtherAdjustments": null
        },
        "2021-03-31": {
            "date": "2021-03-31",
            "filing_date": "2021-03-31",
            "currency_symbol": "EUR",
            "researchDevelopment": null,
            "effectOfAccountingCharges": null,
            "incomeBeforeTax": "565088000.00",
            "minorityInterest": "5162880000.00",
            "netIncome": "355106000.00",
            "sellingGeneralAdministrative": "345816000.00",
            "sellingAndMarketingExpenses": null,
            "grossProfit": null,
            "reconciledDepreciation": "137000000.00",
            "ebit": "887025000.00",
            "ebitda": "1024025000.00",
            "depreciationAndAmortization": "137000000.00",
            "nonOperatingIncomeNetOther": null,
            "operatingIncome": null,
            "otherOperatingExpenses": "126755000.00",
            "interestExpense": "407600000.00",
            "taxProvision": "124319000.00",
            "interestIncome": "1540700000.00",
            "netInterestIncome": "1172100000.00",
            "extraordinaryItems": null,
            "nonRecurring": null,
            "otherItems": null,
            "incomeTaxExpense": "124319000.00",
            "totalRevenue": "1830774000.00",
            "totalOperatingExpenses": "1232382000.00",
            "costOfRevenue": null,
            "totalOtherIncomeExpenseNet": null,
            "discontinuedOperations": null,
            "netIncomeFromContinuingOps": "440769000.00",
            "netIncomeApplicableToCommonShares": "282880000.00",
            "preferredStockAndOtherAdjustments": null
        },
        "2020-12-31": {
            "date": "2020-12-31",
            "filing_date": "2020-12-31",
            "currency_symbol": "EUR",
            "researchDevelopment": null,
            "effectOfAccountingCharges": null,
            "incomeBeforeTax": "289584000.00",
            "minorityInterest": "5073100000.00",
            "netIncome": "146019000.00",
            "sellingGeneralAdministrative": "339910000.00",
            "sellingAndMarketingExpenses": null,
            "grossProfit": null,
            "reconciledDepreciation": "181300000.00",
            "ebit": "621607000.00",
            "ebitda": "802907000.00",
            "depreciationAndAmortization": "181300000.00",
            "nonOperatingIncomeNetOther": null,
            "operatingIncome": null,
            "otherOperatingExpenses": "7051000.00",
            "interestExpense": "397300000.00",
            "taxProvision": "78288000.00",
            "interestIncome": "1699700000.00",
            "netInterestIncome": "1185700000.00",
            "extraordinaryItems": null,
            "nonRecurring": null,
            "otherItems": null,
            "incomeTaxExpense": "78288000.00",
            "totalRevenue": "1888589000.00",
            "totalOperatingExpenses": "1060236000.00",
            "costOfRevenue": null,
            "totalOtherIncomeExpenseNet": null,
            "discontinuedOperations": null,
            "netIncomeFromContinuingOps": "211296000.00",
            "netIncomeApplicableToCommonShares": "82689000.00",
            "preferredStockAndOtherAdjustments": null
        },
        "2020-09-30": {
            "date": "2020-09-30",
            "filing_date": "2020-09-30",
            "currency_symbol": "EUR",
            "researchDevelopment": null,
            "effectOfAccountingCharges": null,
            "incomeBeforeTax": "568300000.00",
            "minorityInterest": "5023701000.00",
            "netIncome": "343300000.00",
            "sellingGeneralAdministrative": "235600000.00",
            "sellingAndMarketingExpenses": null,
            "grossProfit": null,
            "reconciledDepreciation": "432708000.00",
            "ebit": "857100000.00",
            "ebitda": "998100000.00",
            "depreciationAndAmortization": "141000000.00",
            "nonOperatingIncomeNetOther": null,
            "operatingIncome": null,
            "otherOperatingExpenses": "42500000.00",
            "interestExpense": "389900000.00",
            "taxProvision": "123900000.00",
            "interestIncome": "1192400000.00",
            "netInterestIncome": "1192400000.00",
            "extraordinaryItems": null,
            "nonRecurring": null,
            "otherItems": null,
            "incomeTaxExpense": "123900000.00",
            "totalRevenue": "1811300000.00",
            "totalOperatingExpenses": "1052200000.00",
            "costOfRevenue": null,
            "totalOtherIncomeExpenseNet": null,
            "discontinuedOperations": null,
            "netIncomeFromContinuingOps": "444400000.00",
            "netIncomeApplicableToCommonShares": "343300000.00",
            "preferredStockAndOtherAdjustments": null
        },
        "2020-06-30": {
            "date": "2020-06-30",
            "filing_date": "2020-06-30",
            "currency_symbol": "EUR",
            "researchDevelopment": null,
            "effectOfAccountingCharges": null,
            "incomeBeforeTax": "148800000.00",
            "minorityInterest": "4922340000.00",
            "netIncome": "58500000.00",
            "sellingGeneralAdministrative": "238600000.00",
            "sellingAndMarketingExpenses": null,
            "grossProfit": null,
            "reconciledDepreciation": "152000.00",
            "ebit": "545700000.00",
            "ebitda": "697700000.00",
            "depreciationAndAmortization": "152000000.00",
            "nonOperatingIncomeNetOther": null,
            "operatingIncome": null,
            "otherOperatingExpenses": "42900000.00",
            "interestExpense": "449900000.00",
            "taxProvision": "37300000.00",
            "interestIncome": "1617700000.00",
            "netInterestIncome": "1167800000.00",
            "extraordinaryItems": null,
            "nonRecurring": null,
            "otherItems": null,
            "incomeTaxExpense": "37300000.00",
            "totalRevenue": "1805800000.00",
            "totalOperatingExpenses": "1045800000.00",
            "costOfRevenue": null,
            "totalOtherIncomeExpenseNet": null,
            "discontinuedOperations": null,
            "netIncomeFromContinuingOps": "111500000.00",
            "netIncomeApplicableToCommonShares": "58500000.00",
            "preferredStockAndOtherAdjustments": null
        },
        "2020-03-31": {
            "date": "2020-03-31",
            "filing_date": "2020-03-31",
            "currency_symbol": "EUR",
            "researchDevelopment": null,
            "effectOfAccountingCharges": null,
            "incomeBeforeTax": "361263000.00",
            "minorityInterest": "4875187000.00",
            "netIncome": "235264000.00",
            "sellingGeneralAdministrative": "344795000.00",
            "sellingAndMarketingExpenses": "36200000.00",
            "grossProfit": null,
            "reconciledDepreciation": "140000.00",
            "ebit": "946524000.00",
            "ebitda": "1086524000.00",
            "depreciationAndAmortization": "140000000.00",
            "nonOperatingIncomeNetOther": null,
            "operatingIncome": null,
            "otherOperatingExpenses": "130011000.00",
            "interestExpense": "608300000.00",
            "taxProvision": "102960000.00",
            "interestIncome": "1823600000.00",
            "netInterestIncome": "1228900000.00",
            "extraordinaryItems": null,
            "nonRecurring": null,
            "otherItems": null,
            "incomeTaxExpense": "102960000.00",
            "totalRevenue": "1695005000.00",
            "totalOperatingExpenses": "1271827000.00",
            "costOfRevenue": null,
            "totalOtherIncomeExpenseNet": null,
            "discontinuedOperations": null,
            "netIncomeFromContinuingOps": "258303000.00",
            "netIncomeApplicableToCommonShares": "184001000.00",
            "preferredStockAndOtherAdjustments": null
        },
        "2019-12-31": {
            "date": "2019-12-31",
            "filing_date": "2019-12-31",
            "currency_symbol": "EUR",
            "researchDevelopment": null,
            "effectOfAccountingCharges": null,
            "incomeBeforeTax": "433159000.00",
            "minorityInterest": "4857496000.00",
            "netIncome": "247171000.00",
            "sellingGeneralAdministrative": "325834000.00",
            "sellingAndMarketingExpenses": null,
            "grossProfit": "1779700000.00",
            "reconciledDepreciation": "332000000.00",
            "ebit": "913972000.00",
            "ebitda": "1245972000.00",
            "depreciationAndAmortization": "332000000.00",
            "nonOperatingIncomeNetOther": null,
            "operatingIncome": "431900000.00",
            "otherOperatingExpenses": "192219000.00",
            "interestExpense": "599000000.00",
            "taxProvision": "67801000.00",
            "interestIncome": "2031400000.00",
            "netInterestIncome": "1229300000.00",
            "extraordinaryItems": null,
            "nonRecurring": null,
            "otherItems": null,
            "incomeTaxExpense": "67801000.00",
            "totalRevenue": "1854507000.00",
            "totalOperatingExpenses": "1173907000.00",
            "costOfRevenue": null,
            "totalOtherIncomeExpenseNet": "152100000.00",
            "discontinuedOperations": null,
            "netIncomeFromContinuingOps": "365358000.00",
            "netIncomeApplicableToCommonShares": "193528000.00",
            "preferredStockAndOtherAdjustments": null
        },
        "2019-09-30": {
            "date": "2019-09-30",
            "filing_date": "2019-09-30",
            "currency_symbol": "EUR",
            "researchDevelopment": null,
            "effectOfAccountingCharges": null,
            "incomeBeforeTax": "746800000.00",
            "minorityInterest": "4735041000.00",
            "netIncome": "491100000.00",
            "sellingGeneralAdministrative": "253800000.00",
            "sellingAndMarketingExpenses": null,
            "grossProfit": "1801400000.00",
            "reconciledDepreciation": "135000000.00",
            "ebit": "629300000.00",
            "ebitda": "764300000.00",
            "depreciationAndAmortization": "135000000.00",
            "nonOperatingIncomeNetOther": null,
            "operatingIncome": "748200000.00",
            "otherOperatingExpenses": "38300000.00",
            "interestExpense": null,
            "taxProvision": "138200000.00",
            "interestIncome": "1187700000.00",
            "netInterestIncome": "1187700000.00",
            "extraordinaryItems": null,
            "nonRecurring": null,
            "otherItems": null,
            "incomeTaxExpense": "138200000.00",
            "totalRevenue": "1804700000.00",
            "totalOperatingExpenses": "1061100000.00",
            "costOfRevenue": null,
            "totalOtherIncomeExpenseNet": "-1300000.00",
            "discontinuedOperations": null,
            "netIncomeFromContinuingOps": "608600000.00",
            "netIncomeApplicableToCommonShares": "491100000.00",
            "preferredStockAndOtherAdjustments": null
        },
        "2019-06-30": {
            "date": "2019-06-30",
            "filing_date": "2019-06-30",
            "currency_symbol": "EUR",
            "researchDevelopment": null,
            "effectOfAccountingCharges": null,
            "incomeBeforeTax": "588000000.00",
            "minorityInterest": "4638949000.00",
            "netIncome": "354900000.00",
            "sellingGeneralAdministrative": "267300000.00",
            "sellingAndMarketingExpenses": null,
            "grossProfit": "1826330000.00",
            "reconciledDepreciation": "136000000.00",
            "ebit": "1102900000.00",
            "ebitda": "1238900000.00",
            "depreciationAndAmortization": "136000000.00",
            "nonOperatingIncomeNetOther": null,
            "operatingIncome": "737206000.00",
            "otherOperatingExpenses": "58864000.00",
            "interestExpense": "630800000.00",
            "taxProvision": "117200000.00",
            "interestIncome": "1799600000.00",
            "netInterestIncome": "1168800000.00",
            "extraordinaryItems": null,
            "nonRecurring": null,
            "otherItems": null,
            "incomeTaxExpense": "117200000.00",
            "totalRevenue": "1826100000.00",
            "totalOperatingExpenses": "1250200000.00",
            "costOfRevenue": null,
            "totalOtherIncomeExpenseNet": "-149286000.00",
            "discontinuedOperations": null,
            "netIncomeFromContinuingOps": "470800000.00",
            "netIncomeApplicableToCommonShares": "354892000.00",
            "preferredStockAndOtherAdjustments": null
        },
        "2019-03-31": {
            "date": "2019-03-31",
            "filing_date": "2019-03-31",
            "currency_symbol": "EUR",
            "researchDevelopment": null,
            "effectOfAccountingCharges": null,
            "incomeBeforeTax": "561763000.00",
            "minorityInterest": "4569929000.00",
            "netIncome": "376953000.00",
            "sellingGeneralAdministrative": "185800000.00",
            "sellingAndMarketingExpenses": "43200000.00",
            "grossProfit": "1810832000.00",
            "reconciledDepreciation": "135000000.00",
            "ebit": "1152253000.00",
            "ebitda": "1287253000.00",
            "depreciationAndAmortization": "135000000.00",
            "nonOperatingIncomeNetOther": null,
            "operatingIncome": "562352000.00",
            "otherOperatingExpenses": "132795000.00",
            "interestExpense": "679800000.00",
            "taxProvision": "95500000.00",
            "interestIncome": "1781914000.00",
            "netInterestIncome": "1160963000.00",
            "extraordinaryItems": null,
            "nonRecurring": null,
            "otherItems": null,
            "incomeTaxExpense": "95500000.00",
            "totalRevenue": "1779694000.00",
            "totalOperatingExpenses": "1257742000.00",
            "costOfRevenue": null,
            "totalOtherIncomeExpenseNet": "-600000.00",
            "discontinuedOperations": null,
            "netIncomeFromContinuingOps": "466263000.00",
            "netIncomeApplicableToCommonShares": "338532000.00",
            "preferredStockAndOtherAdjustments": null
        },
        "2018-12-31": {
            "date": "2018-12-31",
            "filing_date": "2018-12-31",
            "currency_symbol": "EUR",
            "researchDevelopment": null,
            "effectOfAccountingCharges": null,
            "incomeBeforeTax": "625979000.00",
            "minorityInterest": "4494030000.00",
            "netIncome": "565181000.00",
            "sellingGeneralAdministrative": "689193000.00",
            "sellingAndMarketingExpenses": "59000000.00",
            "grossProfit": "1762564000.00",
            "reconciledDepreciation": "153000000.00",
            "ebit": "1144546000.00",
            "ebitda": "1297546000.00",
            "depreciationAndAmortization": "153000000.00",
            "nonOperatingIncomeNetOther": null,
            "operatingIncome": "731374000.00",
            "otherOperatingExpenses": "47642000.00",
            "interestExpense": "601900000.00",
            "taxProvision": null,
            "interestIncome": null,
            "netInterestIncome": null,
            "extraordinaryItems": null,
            "nonRecurring": null,
            "otherItems": null,
            "incomeTaxExpense": "-22535000.00",
            "totalRevenue": "1810975000.00",
            "totalOperatingExpenses": "1018597000.00",
            "costOfRevenue": null,
            "totalOtherIncomeExpenseNet": "-105395000.00",
            "discontinuedOperations": null,
            "netIncomeFromContinuingOps": "648514000.00",
            "netIncomeApplicableToCommonShares": "526644000.00",
            "preferredStockAndOtherAdjustments": null
        },
        "2018-09-30": {
            "date": "2018-09-30",
            "filing_date": "2018-09-30",
            "currency_symbol": "EUR",
            "researchDevelopment": null,
            "effectOfAccountingCharges": null,
            "incomeBeforeTax": "694300000.00",
            "minorityInterest": "4518372000.00",
            "netIncome": "454000000.00",
            "sellingGeneralAdministrative": "294000000.00",
            "sellingAndMarketingExpenses": null,
            "grossProfit": "1751000000.00",
            "reconciledDepreciation": "171000000.00",
            "ebit": "1178600000.00",
            "ebitda": "1349600000.00",
            "depreciationAndAmortization": "171000000.00",
            "nonOperatingIncomeNetOther": null,
            "operatingIncome": "693800000.00",
            "otherOperatingExpenses": "31400000.00",
            "interestExpense": "604600000.00",
            "taxProvision": null,
            "interestIncome": null,
            "netInterestIncome": null,
            "extraordinaryItems": null,
            "nonRecurring": null,
            "otherItems": null,
            "incomeTaxExpense": "120000000.00",
            "totalRevenue": "1720600000.00",
            "totalOperatingExpenses": "1058200000.00",
            "costOfRevenue": null,
            "totalOtherIncomeExpenseNet": "500000.00",
            "discontinuedOperations": null,
            "netIncomeFromContinuingOps": "574300000.00",
            "netIncomeApplicableToCommonShares": "454000000.00",
            "preferredStockAndOtherAdjustments": null
        },
        "2018-06-30": {
            "date": "2018-06-30",
            "filing_date": "2018-06-30",
            "currency_symbol": "EUR",
            "researchDevelopment": null,
            "effectOfAccountingCharges": null,
            "incomeBeforeTax": "654000000.00",
            "minorityInterest": null,
            "netIncome": "438200000.00",
            "sellingGeneralAdministrative": "283000000.00",
            "sellingAndMarketingExpenses": null,
            "grossProfit": null,
            "reconciledDepreciation": "130000000.00",
            "ebit": "1103900000.00",
            "ebitda": "1233900000.00",
            "depreciationAndAmortization": "130000000.00",
            "nonOperatingIncomeNetOther": null,
            "operatingIncome": null,
            "otherOperatingExpenses": null,
            "interestExpense": "545300000.00",
            "taxProvision": null,
            "interestIncome": null,
            "netInterestIncome": null,
            "extraordinaryItems": null,
            "nonRecurring": null,
            "otherItems": null,
            "incomeTaxExpense": "120400000.00",
            "totalRevenue": "1718100000.00",
            "totalOperatingExpenses": "1088000000.00",
            "costOfRevenue": null,
            "totalOtherIncomeExpenseNet": null,
            "discontinuedOperations": null,
            "netIncomeFromContinuingOps": null,
            "netIncomeApplicableToCommonShares": null,
            "preferredStockAndOtherAdjustments": null
        },
        "2018-03-31": {
            "date": "2018-03-31",
            "filing_date": "2018-03-31",
            "currency_symbol": "EUR",
            "researchDevelopment": null,
            "effectOfAccountingCharges": null,
            "incomeBeforeTax": "517195000.00",
            "minorityInterest": null,
            "netIncome": "332554000.00",
            "sellingGeneralAdministrative": "171200000.00",
            "sellingAndMarketingExpenses": "36800000.00",
            "grossProfit": null,
            "reconciledDepreciation": "117000000.00",
            "ebit": "1060319000.00",
            "ebitda": "1177319000.00",
            "depreciationAndAmortization": "117000000.00",
            "nonOperatingIncomeNetOther": null,
            "operatingIncome": null,
            "otherOperatingExpenses": null,
            "interestExpense": "613200000.00",
            "taxProvision": null,
            "interestIncome": null,
            "netInterestIncome": null,
            "extraordinaryItems": null,
            "nonRecurring": null,
            "otherItems": null,
            "incomeTaxExpense": "114565000.00",
            "totalRevenue": "1655231000.00",
            "totalOperatingExpenses": "1197300000.00",
            "costOfRevenue": null,
            "totalOtherIncomeExpenseNet": null,
            "discontinuedOperations": null,
            "netIncomeFromContinuingOps": null,
            "netIncomeApplicableToCommonShares": null,
            "preferredStockAndOtherAdjustments": null
        },
        "2017-12-31": {
            "date": "2017-12-31",
            "filing_date": "2017-12-31",
            "currency_symbol": "EUR",
            "researchDevelopment": null,
            "effectOfAccountingCharges": null,
            "incomeBeforeTax": "451701000.00",
            "minorityInterest": null,
            "netIncome": "328601000.00",
            "sellingGeneralAdministrative": "247100000.00",
            "sellingAndMarketingExpenses": "61800000.00",
            "grossProfit": null,
            "reconciledDepreciation": "186000000.00",
            "ebit": "649480000.00",
            "ebitda": "835480000.00",
            "depreciationAndAmortization": "186000000.00",
            "nonOperatingIncomeNetOther": null,
            "operatingIncome": null,
            "otherOperatingExpenses": null,
            "interestExpense": "276700000.00",
            "taxProvision": null,
            "interestIncome": null,
            "netInterestIncome": null,
            "extraordinaryItems": null,
            "nonRecurring": null,
            "otherItems": null,
            "incomeTaxExpense": "44179000.00",
            "totalRevenue": "1795515000.00",
            "totalOperatingExpenses": "1156300000.00",
            "costOfRevenue": null,
            "totalOtherIncomeExpenseNet": null,
            "discontinuedOperations": null,
            "netIncomeFromContinuingOps": null,
            "netIncomeApplicableToCommonShares": null,
            "preferredStockAndOtherAdjustments": null
        },
        "2017-09-30": {
            "date": "2017-09-30",
            "filing_date": "2017-09-30",
            "currency_symbol": "EUR",
            "researchDevelopment": null,
            "effectOfAccountingCharges": null,
            "incomeBeforeTax": "608500000.00",
            "minorityInterest": null,
            "netIncome": "363000000.00",
            "sellingGeneralAdministrative": "301100000.00",
            "sellingAndMarketingExpenses": null,
            "grossProfit": null,
            "reconciledDepreciation": "118000000.00",
            "ebit": "505000000.00",
            "ebitda": "623000000.00",
            "depreciationAndAmortization": "118000000.00",
            "nonOperatingIncomeNetOther": null,
            "operatingIncome": "608600000.00",
            "otherOperatingExpenses": null,
            "interestExpense": null,
            "taxProvision": null,
            "interestIncome": null,
            "netInterestIncome": null,
            "extraordinaryItems": null,
            "nonRecurring": null,
            "otherItems": null,
            "incomeTaxExpense": "142000000.00",
            "totalRevenue": "1701400000.00",
            "totalOperatingExpenses": "1096800000.00",
            "costOfRevenue": null,
            "totalOtherIncomeExpenseNet": "-100000.00",
            "discontinuedOperations": null,
            "netIncomeFromContinuingOps": null,
            "netIncomeApplicableToCommonShares": null,
            "preferredStockAndOtherAdjustments": null
        },
        "2017-06-30": {
            "date": "2017-06-30",
            "filing_date": "2017-06-30",
            "currency_symbol": "EUR",
            "researchDevelopment": null,
            "effectOfAccountingCharges": null,
            "incomeBeforeTax": "583000000.00",
            "minorityInterest": null,
            "netIncome": "362500000.00",
            "sellingGeneralAdministrative": "291800000.00",
            "sellingAndMarketingExpenses": null,
            "grossProfit": null,
            "reconciledDepreciation": "135000000.00",
            "ebit": "490700000.00",
            "ebitda": "625700000.00",
            "depreciationAndAmortization": "135000000.00",
            "nonOperatingIncomeNetOther": null,
            "operatingIncome": "582900000.00",
            "otherOperatingExpenses": null,
            "interestExpense": null,
            "taxProvision": null,
            "interestIncome": null,
            "netInterestIncome": null,
            "extraordinaryItems": null,
            "nonRecurring": null,
            "otherItems": null,
            "incomeTaxExpense": "128200000.00",
            "totalRevenue": "1647900000.00",
            "totalOperatingExpenses": "1067900000.00",
            "costOfRevenue": null,
            "totalOtherIncomeExpenseNet": "100000.00",
            "discontinuedOperations": null,
            "netIncomeFromContinuingOps": null,
            "netIncomeApplicableToCommonShares": null,
            "preferredStockAndOtherAdjustments": null
        },
        "2017-03-31": {
            "date": "2017-03-31",
            "filing_date": "2017-03-31",
            "currency_symbol": "EUR",
            "researchDevelopment": null,
            "effectOfAccountingCharges": null,
            "incomeBeforeTax": "434659000.00",
            "minorityInterest": null,
            "netIncome": "262195000.00",
            "sellingGeneralAdministrative": "174200000.00",
            "sellingAndMarketingExpenses": "33300000.00",
            "grossProfit": null,
            "reconciledDepreciation": "119000000.00",
            "ebit": "704240000.00",
            "ebitda": "823240000.00",
            "depreciationAndAmortization": "119000000.00",
            "nonOperatingIncomeNetOther": null,
            "operatingIncome": "434700000.00",
            "otherOperatingExpenses": null,
            "interestExpense": "346400000.00",
            "taxProvision": null,
            "interestIncome": null,
            "netInterestIncome": null,
            "extraordinaryItems": null,
            "nonRecurring": null,
            "otherItems": null,
            "incomeTaxExpense": "95645000.00",
            "totalRevenue": "1638681000.00",
            "totalOperatingExpenses": "1224200000.00",
            "costOfRevenue": null,
            "totalOtherIncomeExpenseNet": "-41000.00",
            "discontinuedOperations": null,
            "netIncomeFromContinuingOps": null,
            "netIncomeApplicableToCommonShares": null,
            "preferredStockAndOtherAdjustments": null
        },
        "2016-12-31": {
            "date": "2016-12-31",
            "filing_date": "2016-12-31",
            "currency_symbol": "EUR",
            "researchDevelopment": null,
            "effectOfAccountingCharges": null,
            "incomeBeforeTax": "121681000.00",
            "minorityInterest": null,
            "netIncome": "85551000.00",
            "sellingGeneralAdministrative": "211900000.00",
            "sellingAndMarketingExpenses": "50800000.00",
            "grossProfit": null,
            "reconciledDepreciation": "226000000.00",
            "ebit": "448173000.00",
            "ebitda": "674173000.00",
            "depreciationAndAmortization": "226000000.00",
            "nonOperatingIncomeNetOther": null,
            "operatingIncome": "121679000.00",
            "otherOperatingExpenses": null,
            "interestExpense": "352900000.00",
            "taxProvision": null,
            "interestIncome": null,
            "netInterestIncome": null,
            "extraordinaryItems": null,
            "nonRecurring": null,
            "otherItems": null,
            "incomeTaxExpense": "9722000.00",
            "totalRevenue": "1716648000.00",
            "totalOperatingExpenses": "1308200000.00",
            "costOfRevenue": null,
            "totalOtherIncomeExpenseNet": "2000.00",
            "discontinuedOperations": null,
            "netIncomeFromContinuingOps": null,
            "netIncomeApplicableToCommonShares": null,
            "preferredStockAndOtherAdjustments": null
        },
        "2016-09-30": {
            "date": "2016-09-30",
            "filing_date": "2016-09-30",
            "currency_symbol": "EUR",
            "researchDevelopment": null,
            "effectOfAccountingCharges": null,
            "incomeBeforeTax": "562000000.00",
            "minorityInterest": null,
            "netIncome": "337400000.00",
            "sellingGeneralAdministrative": "299900000.00",
            "sellingAndMarketingExpenses": null,
            "grossProfit": null,
            "reconciledDepreciation": "118000000.00",
            "ebit": "462500000.00",
            "ebitda": "580500000.00",
            "depreciationAndAmortization": "118000000.00",
            "nonOperatingIncomeNetOther": null,
            "operatingIncome": "562000000.00",
            "otherOperatingExpenses": null,
            "interestExpense": null,
            "taxProvision": null,
            "interestIncome": null,
            "netInterestIncome": null,
            "extraordinaryItems": null,
            "nonRecurring": null,
            "otherItems": null,
            "incomeTaxExpense": "125100000.00",
            "totalRevenue": "1604800000.00",
            "totalOperatingExpenses": "1043000000.00",
            "costOfRevenue": null,
            "totalOtherIncomeExpenseNet": null,
            "discontinuedOperations": null,
            "netIncomeFromContinuingOps": null,
            "netIncomeApplicableToCommonShares": null,
            "preferredStockAndOtherAdjustments": null
        },
        "2016-06-30": {
            "date": "2016-06-30",
            "filing_date": "2016-06-30",
            "currency_symbol": "EUR",
            "researchDevelopment": null,
            "effectOfAccountingCharges": null,
            "incomeBeforeTax": "839700000.00",
            "minorityInterest": null,
            "netIncome": "567000000.00",
            "sellingGeneralAdministrative": "276600000.00",
            "sellingAndMarketingExpenses": null,
            "grossProfit": null,
            "reconciledDepreciation": "159000000.00",
            "ebit": "741300000.00",
            "ebitda": "900300000.00",
            "depreciationAndAmortization": "159000000.00",
            "nonOperatingIncomeNetOther": null,
            "operatingIncome": "839800000.00",
            "otherOperatingExpenses": null,
            "interestExpense": null,
            "taxProvision": null,
            "interestIncome": null,
            "netInterestIncome": null,
            "extraordinaryItems": null,
            "nonRecurring": null,
            "otherItems": null,
            "incomeTaxExpense": "174300000.00",
            "totalRevenue": "1860200000.00",
            "totalOperatingExpenses": "1024100000.00",
            "costOfRevenue": null,
            "totalOtherIncomeExpenseNet": "-100000.00",
            "discontinuedOperations": null,
            "netIncomeFromContinuingOps": null,
            "netIncomeApplicableToCommonShares": null,
            "preferredStockAndOtherAdjustments": null
        },
        "2016-03-31": {
            "date": "2016-03-31",
            "filing_date": "2016-03-31",
            "currency_symbol": "EUR",
            "researchDevelopment": null,
            "effectOfAccountingCharges": null,
            "incomeBeforeTax": "427035000.00",
            "minorityInterest": null,
            "netIncome": "274742000.00",
            "sellingGeneralAdministrative": "163000000.00",
            "sellingAndMarketingExpenses": "34800000.00",
            "grossProfit": null,
            "reconciledDepreciation": "119000000.00",
            "ebit": "812796000.00",
            "ebitda": "931796000.00",
            "depreciationAndAmortization": "119000000.00",
            "nonOperatingIncomeNetOther": null,
            "operatingIncome": "426958000.00",
            "otherOperatingExpenses": null,
            "interestExpense": "433600000.00",
            "taxProvision": null,
            "interestIncome": null,
            "netInterestIncome": null,
            "extraordinaryItems": null,
            "nonRecurring": null,
            "otherItems": null,
            "incomeTaxExpense": "104454000.00",
            "totalRevenue": "1623969000.00",
            "totalOperatingExpenses": "1144000000.00",
            "costOfRevenue": null,
            "totalOtherIncomeExpenseNet": "77000.00",
            "discontinuedOperations": null,
            "netIncomeFromContinuingOps": null,
            "netIncomeApplicableToCommonShares": null,
            "preferredStockAndOtherAdjustments": null
        },
        "2015-12-31": {
            "date": "2015-12-31",
            "filing_date": "2015-12-31",
            "currency_symbol": "EUR",
            "researchDevelopment": null,
            "effectOfAccountingCharges": null,
            "incomeBeforeTax": "237580000.00",
            "minorityInterest": null,
            "netIncome": "203994000.00",
            "sellingGeneralAdministrative": "185800000.00",
            "sellingAndMarketingExpenses": "54100000.00",
            "grossProfit": null,
            "reconciledDepreciation": "115300000.00",
            "ebit": "898722000.00",
            "ebitda": "1014022000.00",
            "depreciationAndAmortization": "115300000.00",
            "nonOperatingIncomeNetOther": null,
            "operatingIncome": "237581000.00",
            "otherOperatingExpenses": null,
            "interestExpense": "693100000.00",
            "taxProvision": null,
            "interestIncome": null,
            "netInterestIncome": null,
            "extraordinaryItems": null,
            "nonRecurring": null,
            "otherItems": null,
            "incomeTaxExpense": "1628000.00",
            "totalRevenue": "1655827000.00",
            "totalOperatingExpenses": "1150600000.00",
            "costOfRevenue": null,
            "totalOtherIncomeExpenseNet": "-1000.00",
            "discontinuedOperations": null,
            "netIncomeFromContinuingOps": null,
            "netIncomeApplicableToCommonShares": null,
            "preferredStockAndOtherAdjustments": null
        },
        "2015-09-30": {
            "date": "2015-09-30",
            "filing_date": "2015-09-30",
            "currency_symbol": "EUR",
            "researchDevelopment": null,
            "effectOfAccountingCharges": null,
            "incomeBeforeTax": "437400000.00",
            "minorityInterest": null,
            "netIncome": "276900000.00",
            "sellingGeneralAdministrative": "295600000.00",
            "sellingAndMarketingExpenses": null,
            "grossProfit": null,
            "reconciledDepreciation": "106400000.00",
            "ebit": "365800000.00",
            "ebitda": "472200000.00",
            "depreciationAndAmortization": "106400000.00",
            "nonOperatingIncomeNetOther": null,
            "operatingIncome": "437500000.00",
            "otherOperatingExpenses": null,
            "interestExpense": null,
            "taxProvision": null,
            "interestIncome": null,
            "netInterestIncome": null,
            "extraordinaryItems": null,
            "nonRecurring": null,
            "otherItems": null,
            "incomeTaxExpense": "88900000.00",
            "totalRevenue": "1565200000.00",
            "totalOperatingExpenses": "1132400000.00",
            "costOfRevenue": null,
            "totalOtherIncomeExpenseNet": "-100000.00",
            "discontinuedOperations": null,
            "netIncomeFromContinuingOps": null,
            "netIncomeApplicableToCommonShares": null,
            "preferredStockAndOtherAdjustments": null
        },
        "2015-06-30": {
            "date": "2015-06-30",
            "filing_date": "2015-06-30",
            "currency_symbol": "EUR",
            "researchDevelopment": null,
            "effectOfAccountingCharges": null,
            "incomeBeforeTax": "548800000.00",
            "minorityInterest": null,
            "netIncome": "261400000.00",
            "sellingGeneralAdministrative": "278500000.00",
            "sellingAndMarketingExpenses": null,
            "grossProfit": null,
            "reconciledDepreciation": "110400000.00",
            "ebit": "416200000.00",
            "ebitda": "526600000.00",
            "depreciationAndAmortization": "110400000.00",
            "nonOperatingIncomeNetOther": null,
            "operatingIncome": "548700000.00",
            "otherOperatingExpenses": null,
            "interestExpense": null,
            "taxProvision": null,
            "interestIncome": null,
            "netInterestIncome": null,
            "extraordinaryItems": null,
            "nonRecurring": null,
            "otherItems": null,
            "incomeTaxExpense": "154800000.00",
            "totalRevenue": "1539600000.00",
            "totalOperatingExpenses": "995900000.00",
            "costOfRevenue": null,
            "totalOtherIncomeExpenseNet": "100000.00",
            "discontinuedOperations": null,
            "netIncomeFromContinuingOps": null,
            "netIncomeApplicableToCommonShares": null,
            "preferredStockAndOtherAdjustments": null
        },
        "2015-03-31": {
            "date": "2015-03-31",
            "filing_date": "2015-03-31",
            "currency_symbol": "EUR",
            "researchDevelopment": null,
            "effectOfAccountingCharges": null,
            "incomeBeforeTax": "415241000.00",
            "minorityInterest": null,
            "netIncome": "225786000.00",
            "sellingGeneralAdministrative": "160800000.00",
            "sellingAndMarketingExpenses": "37000000.00",
            "grossProfit": null,
            "reconciledDepreciation": "113000000.00",
            "ebit": "841214000.00",
            "ebitda": "954214000.00",
            "depreciationAndAmortization": "113000000.00",
            "nonOperatingIncomeNetOther": null,
            "operatingIncome": "415241000.00",
            "otherOperatingExpenses": null,
            "interestExpense": "496800000.00",
            "taxProvision": null,
            "interestIncome": null,
            "netInterestIncome": null,
            "extraordinaryItems": null,
            "nonRecurring": null,
            "otherItems": null,
            "incomeTaxExpense": "118628000.00",
            "totalRevenue": "1692408000.00",
            "totalOperatingExpenses": "1105500000.00",
            "costOfRevenue": null,
            "totalOtherIncomeExpenseNet": null,
            "discontinuedOperations": null,
            "netIncomeFromContinuingOps": null,
            "netIncomeApplicableToCommonShares": null,
            "preferredStockAndOtherAdjustments": null
        },
        "2014-12-31": {
            "date": "2014-12-31",
            "filing_date": "2014-12-31",
            "currency_symbol": "EUR",
            "researchDevelopment": null,
            "effectOfAccountingCharges": null,
            "incomeBeforeTax": "152229000.00",
            "minorityInterest": null,
            "netIncome": "41968000.00",
            "sellingGeneralAdministrative": "172400000.00",
            "sellingAndMarketingExpenses": "58500000.00",
            "grossProfit": null,
            "reconciledDepreciation": "111200000.00",
            "ebit": "530389000.00",
            "ebitda": "641589000.00",
            "depreciationAndAmortization": "111200000.00",
            "nonOperatingIncomeNetOther": null,
            "operatingIncome": "152228000.00",
            "otherOperatingExpenses": null,
            "interestExpense": "412900000.00",
            "taxProvision": null,
            "interestIncome": null,
            "netInterestIncome": null,
            "extraordinaryItems": null,
            "nonRecurring": null,
            "otherItems": null,
            "incomeTaxExpense": "75521000.00",
            "totalRevenue": "1709813000.00",
            "totalOperatingExpenses": "510900000.00",
            "costOfRevenue": null,
            "totalOtherIncomeExpenseNet": "1000.00",
            "discontinuedOperations": null,
            "netIncomeFromContinuingOps": null,
            "netIncomeApplicableToCommonShares": null,
            "preferredStockAndOtherAdjustments": null
        },
        "2014-09-30": {
            "date": "2014-09-30",
            "filing_date": "2014-09-30",
            "currency_symbol": "EUR",
            "researchDevelopment": null,
            "effectOfAccountingCharges": null,
            "incomeBeforeTax": "-414000000.00",
            "minorityInterest": null,
            "netIncome": "-554200000.00",
            "sellingGeneralAdministrative": "264200000.00",
            "sellingAndMarketingExpenses": null,
            "grossProfit": null,
            "reconciledDepreciation": "108000000.00",
            "ebit": "-455900000.00",
            "ebitda": "-347900000.00",
            "depreciationAndAmortization": "108000000.00",
            "nonOperatingIncomeNetOther": null,
            "operatingIncome": null,
            "otherOperatingExpenses": null,
            "interestExpense": null,
            "taxProvision": null,
            "interestIncome": null,
            "netInterestIncome": null,
            "extraordinaryItems": null,
            "nonRecurring": null,
            "otherItems": null,
            "incomeTaxExpense": "98300000.00",
            "totalRevenue": "830100000.00",
            "totalOperatingExpenses": "1244000000.00",
            "costOfRevenue": null,
            "totalOtherIncomeExpenseNet": null,
            "discontinuedOperations": null,
            "netIncomeFromContinuingOps": null,
            "netIncomeApplicableToCommonShares": null,
            "preferredStockAndOtherAdjustments": null
        },
        "2014-06-30": {
            "date": "2014-06-30",
            "filing_date": "2014-06-30",
            "currency_symbol": "EUR",
            "researchDevelopment": null,
            "effectOfAccountingCharges": null,
            "incomeBeforeTax": "-781000000.00",
            "minorityInterest": null,
            "netIncome": "-1033100000.00",
            "sellingGeneralAdministrative": "265200000.00",
            "sellingAndMarketingExpenses": null,
            "grossProfit": null,
            "reconciledDepreciation": "121800000.00",
            "ebit": "-797200000.00",
            "ebitda": "-675400000.00",
            "depreciationAndAmortization": "121800000.00",
            "nonOperatingIncomeNetOther": null,
            "operatingIncome": "-781000000.00",
            "otherOperatingExpenses": null,
            "interestExpense": null,
            "taxProvision": null,
            "interestIncome": null,
            "netInterestIncome": null,
            "extraordinaryItems": null,
            "nonRecurring": null,
            "otherItems": null,
            "incomeTaxExpense": "235900000.00",
            "totalRevenue": "1295800000.00",
            "totalOperatingExpenses": "2085100000.00",
            "costOfRevenue": null,
            "totalOtherIncomeExpenseNet": null,
            "discontinuedOperations": null,
            "netIncomeFromContinuingOps": null,
            "netIncomeApplicableToCommonShares": null,
            "preferredStockAndOtherAdjustments": null
        },
        "2014-03-31": {
            "date": "2014-03-31",
            "filing_date": "2014-03-31",
            "currency_symbol": "EUR",
            "researchDevelopment": null,
            "effectOfAccountingCharges": null,
            "incomeBeforeTax": "239525000.00",
            "minorityInterest": null,
            "netIncome": "103332000.00",
            "sellingGeneralAdministrative": "168700000.00",
            "sellingAndMarketingExpenses": "36200000.00",
            "grossProfit": null,
            "reconciledDepreciation": "125000000.00",
            "ebit": "745418000.00",
            "ebitda": "870418000.00",
            "depreciationAndAmortization": "125000000.00",
            "nonOperatingIncomeNetOther": null,
            "operatingIncome": "250948000.00",
            "otherOperatingExpenses": null,
            "interestExpense": "542400000.00",
            "taxProvision": null,
            "interestIncome": null,
            "netInterestIncome": null,
            "extraordinaryItems": null,
            "nonRecurring": null,
            "otherItems": null,
            "incomeTaxExpense": "99686000.00",
            "totalRevenue": "1682508000.00",
            "totalOperatingExpenses": "1051700000.00",
            "costOfRevenue": null,
            "totalOtherIncomeExpenseNet": "-11423000.00",
            "discontinuedOperations": null,
            "netIncomeFromContinuingOps": null,
            "netIncomeApplicableToCommonShares": null,
            "preferredStockAndOtherAdjustments": null
        },
        "2013-12-31": {
            "date": "2013-12-31",
            "filing_date": "2013-12-31",
            "currency_symbol": "EUR",
            "researchDevelopment": null,
            "effectOfAccountingCharges": null,
            "incomeBeforeTax": "-219303000.00",
            "minorityInterest": null,
            "netIncome": "-369330000.00",
            "sellingGeneralAdministrative": "154500000.00",
            "sellingAndMarketingExpenses": null,
            "grossProfit": null,
            "reconciledDepreciation": "107300000.00",
            "ebit": "447609000.00",
            "ebitda": "554909000.00",
            "depreciationAndAmortization": "107300000.00",
            "nonOperatingIncomeNetOther": null,
            "operatingIncome": "-274402000.00",
            "otherOperatingExpenses": null,
            "interestExpense": "669400000.00",
            "taxProvision": null,
            "interestIncome": null,
            "netInterestIncome": null,
            "extraordinaryItems": null,
            "nonRecurring": null,
            "otherItems": null,
            "incomeTaxExpense": "147539000.00",
            "totalRevenue": "1694838000.00",
            "totalOperatingExpenses": "1071800000.00",
            "costOfRevenue": null,
            "totalOtherIncomeExpenseNet": "55099000.00",
            "discontinuedOperations": null,
            "netIncomeFromContinuingOps": null,
            "netIncomeApplicableToCommonShares": null,
            "preferredStockAndOtherAdjustments": null
        },
        "2013-09-30": {
            "date": "2013-09-30",
            "filing_date": "2013-09-30",
            "currency_symbol": "EUR",
            "researchDevelopment": null,
            "effectOfAccountingCharges": null,
            "incomeBeforeTax": "224300000.00",
            "minorityInterest": null,
            "netIncome": "129100000.00",
            "sellingGeneralAdministrative": "900100000.00",
            "sellingAndMarketingExpenses": null,
            "grossProfit": null,
            "reconciledDepreciation": "127800000.00",
            "ebit": "185100000.00",
            "ebitda": "312900000.00",
            "depreciationAndAmortization": "127800000.00",
            "nonOperatingIncomeNetOther": null,
            "operatingIncome": "219600000.00",
            "otherOperatingExpenses": null,
            "interestExpense": null,
            "taxProvision": null,
            "interestIncome": null,
            "netInterestIncome": null,
            "extraordinaryItems": null,
            "nonRecurring": null,
            "otherItems": null,
            "incomeTaxExpense": "56000000.00",
            "totalRevenue": "1733500000.00",
            "totalOperatingExpenses": "1080900000.00",
            "costOfRevenue": null,
            "totalOtherIncomeExpenseNet": "4700000.00",
            "discontinuedOperations": null,
            "netIncomeFromContinuingOps": null,
            "netIncomeApplicableToCommonShares": null,
            "preferredStockAndOtherAdjustments": null
        },
        "2013-06-30": {
            "date": "2013-06-30",
            "filing_date": "2013-06-30",
            "currency_symbol": "EUR",
            "researchDevelopment": null,
            "effectOfAccountingCharges": null,
            "incomeBeforeTax": "67900000.00",
            "minorityInterest": null,
            "netIncome": "125000000.00",
            "sellingGeneralAdministrative": "911700000.00",
            "sellingAndMarketingExpenses": null,
            "grossProfit": null,
            "reconciledDepreciation": "128100000.00",
            "ebit": "33600000.00",
            "ebitda": "161700000.00",
            "depreciationAndAmortization": "128100000.00",
            "nonOperatingIncomeNetOther": null,
            "operatingIncome": "68400000.00",
            "otherOperatingExpenses": null,
            "interestExpense": null,
            "taxProvision": null,
            "interestIncome": null,
            "netInterestIncome": null,
            "extraordinaryItems": null,
            "nonRecurring": null,
            "otherItems": null,
            "incomeTaxExpense": "-91400000.00",
            "totalRevenue": "1703600000.00",
            "totalOperatingExpenses": "1206100000.00",
            "costOfRevenue": null,
            "totalOtherIncomeExpenseNet": "-500000.00",
            "discontinuedOperations": null,
            "netIncomeFromContinuingOps": null,
            "netIncomeApplicableToCommonShares": null,
            "preferredStockAndOtherAdjustments": null
        },
        "2013-03-31": {
            "date": "2013-03-31",
            "filing_date": "2013-03-31",
            "currency_symbol": "EUR",
            "researchDevelopment": null,
            "effectOfAccountingCharges": null,
            "incomeBeforeTax": "301400000.00",
            "minorityInterest": null,
            "netIncome": "176200000.00",
            "sellingGeneralAdministrative": "277700000.00",
            "sellingAndMarketingExpenses": null,
            "grossProfit": null,
            "reconciledDepreciation": "105300000.00",
            "ebit": "1004600000.00",
            "ebitda": "1109900000.00",
            "depreciationAndAmortization": "105300000.00",
            "nonOperatingIncomeNetOther": null,
            "operatingIncome": "329900000.00",
            "otherOperatingExpenses": null,
            "interestExpense": "762000000.00",
            "taxProvision": null,
            "interestIncome": null,
            "netInterestIncome": null,
            "extraordinaryItems": null,
            "nonRecurring": null,
            "otherItems": null,
            "incomeTaxExpense": "66400000.00",
            "totalRevenue": "1736300000.00",
            "totalOperatingExpenses": "1027800000.00",
            "costOfRevenue": null,
            "totalOtherIncomeExpenseNet": "-28500000.00",
            "discontinuedOperations": null,
            "netIncomeFromContinuingOps": null,
            "netIncomeApplicableToCommonShares": null,
            "preferredStockAndOtherAdjustments": null
        },
        "2012-12-31": {
            "date": "2012-12-31",
            "filing_date": "2012-12-31",
            "currency_symbol": "EUR",
            "researchDevelopment": null,
            "effectOfAccountingCharges": null,
            "incomeBeforeTax": "-174183000.00",
            "minorityInterest": null,
            "netIncome": "-113823000.00",
            "sellingGeneralAdministrative": "2184800000.00",
            "sellingAndMarketingExpenses": null,
            "grossProfit": null,
            "reconciledDepreciation": null,
            "ebit": "-170603000.00",
            "ebitda": "677784000.00",
            "depreciationAndAmortization": null,
            "nonOperatingIncomeNetOther": null,
            "operatingIncome": "-170603000.00",
            "otherOperatingExpenses": null,
            "interestExpense": "872500000.00",
            "taxProvision": null,
            "interestIncome": null,
            "netInterestIncome": null,
            "extraordinaryItems": null,
            "nonRecurring": null,
            "otherItems": null,
            "incomeTaxExpense": "-80893000.00",
            "totalRevenue": "2385434000.00",
            "totalOperatingExpenses": "1454400000.00",
            "costOfRevenue": null,
            "totalOtherIncomeExpenseNet": "-3580000.00",
            "discontinuedOperations": null,
            "netIncomeFromContinuingOps": null,
            "netIncomeApplicableToCommonShares": null,
            "preferredStockAndOtherAdjustments": null
        },
        "2012-09-30": {
            "date": "2012-09-30",
            "filing_date": "2012-09-30",
            "currency_symbol": "EUR",
            "researchDevelopment": null,
            "effectOfAccountingCharges": null,
            "incomeBeforeTax": "247700000.00",
            "minorityInterest": null,
            "netIncome": "143700000.00",
            "sellingGeneralAdministrative": "938700000.00",
            "sellingAndMarketingExpenses": null,
            "grossProfit": null,
            "reconciledDepreciation": null,
            "ebit": "237800000.00",
            "ebitda": "198200000.00",
            "depreciationAndAmortization": null,
            "nonOperatingIncomeNetOther": null,
            "operatingIncome": "237800000.00",
            "otherOperatingExpenses": null,
            "interestExpense": null,
            "taxProvision": null,
            "interestIncome": null,
            "netInterestIncome": null,
            "extraordinaryItems": null,
            "nonRecurring": null,
            "otherItems": null,
            "incomeTaxExpense": "54500000.00",
            "totalRevenue": "1815800000.00",
            "totalOperatingExpenses": "1084600000.00",
            "costOfRevenue": null,
            "totalOtherIncomeExpenseNet": "9900000.00",
            "discontinuedOperations": null,
            "netIncomeFromContinuingOps": null,
            "netIncomeApplicableToCommonShares": null,
            "preferredStockAndOtherAdjustments": null
        },
        "2012-06-30": {
            "date": "2012-06-30",
            "filing_date": "2012-06-30",
            "currency_symbol": "EUR",
            "researchDevelopment": null,
            "effectOfAccountingCharges": null,
            "incomeBeforeTax": "240600000.00",
            "minorityInterest": null,
            "netIncome": "107100000.00",
            "sellingGeneralAdministrative": "942300000.00",
            "sellingAndMarketingExpenses": null,
            "grossProfit": null,
            "reconciledDepreciation": null,
            "ebit": "235100000.00",
            "ebitda": "196500000.00",
            "depreciationAndAmortization": null,
            "nonOperatingIncomeNetOther": null,
            "operatingIncome": "235100000.00",
            "otherOperatingExpenses": null,
            "interestExpense": null,
            "taxProvision": null,
            "interestIncome": null,
            "netInterestIncome": null,
            "extraordinaryItems": null,
            "nonRecurring": null,
            "otherItems": null,
            "incomeTaxExpense": "89400000.00",
            "totalRevenue": "1783400000.00",
            "totalOperatingExpenses": "1141600000.00",
            "costOfRevenue": null,
            "totalOtherIncomeExpenseNet": "5500000.00",
            "discontinuedOperations": null,
            "netIncomeFromContinuingOps": null,
            "netIncomeApplicableToCommonShares": null,
            "preferredStockAndOtherAdjustments": null
        },
        "2012-03-31": {
            "date": "2012-03-31",
            "filing_date": "2012-03-31",
            "currency_symbol": "EUR",
            "researchDevelopment": null,
            "effectOfAccountingCharges": null,
            "incomeBeforeTax": "487100000.00",
            "minorityInterest": null,
            "netIncome": "346500000.00",
            "sellingGeneralAdministrative": "945100000.00",
            "sellingAndMarketingExpenses": null,
            "grossProfit": null,
            "reconciledDepreciation": null,
            "ebit": "466300000.00",
            "ebitda": "1442200000.00",
            "depreciationAndAmortization": null,
            "nonOperatingIncomeNetOther": null,
            "operatingIncome": "466300000.00",
            "otherOperatingExpenses": null,
            "interestExpense": "988500000.00",
            "taxProvision": null,
            "interestIncome": null,
            "netInterestIncome": null,
            "extraordinaryItems": null,
            "nonRecurring": null,
            "otherItems": null,
            "incomeTaxExpense": "107200000.00",
            "totalRevenue": "2012800000.00",
            "totalOperatingExpenses": "945100000.00",
            "costOfRevenue": null,
            "totalOtherIncomeExpenseNet": "20800000.00",
            "discontinuedOperations": null,
            "netIncomeFromContinuingOps": null,
            "netIncomeApplicableToCommonShares": null,
            "preferredStockAndOtherAdjustments": null
        },
        "2011-12-31": {
            "date": "2011-12-31",
            "filing_date": "2011-12-31",
            "currency_symbol": "EUR",
            "researchDevelopment": null,
            "effectOfAccountingCharges": null,
            "incomeBeforeTax": "453172000.00",
            "minorityInterest": null,
            "netIncome": "254100000.00",
            "sellingGeneralAdministrative": "959304000.00",
            "sellingAndMarketingExpenses": null,
            "grossProfit": null,
            "reconciledDepreciation": null,
            "ebit": null,
            "ebitda": "1368540000.00",
            "depreciationAndAmortization": null,
            "nonOperatingIncomeNetOther": null,
            "operatingIncome": null,
            "otherOperatingExpenses": null,
            "interestExpense": "979000000.00",
            "taxProvision": null,
            "interestIncome": null,
            "netInterestIncome": null,
            "extraordinaryItems": null,
            "nonRecurring": null,
            "otherItems": null,
            "incomeTaxExpense": "135440000.00",
            "totalRevenue": "1853989000.00",
            "totalOperatingExpenses": "-73096000.00",
            "costOfRevenue": null,
            "totalOtherIncomeExpenseNet": null,
            "discontinuedOperations": null,
            "netIncomeFromContinuingOps": null,
            "netIncomeApplicableToCommonShares": null,
            "preferredStockAndOtherAdjustments": null
        },
        "2011-09-30": {
            "date": "2011-09-30",
            "filing_date": "2011-09-30",
            "currency_symbol": "EUR",
            "researchDevelopment": null,
            "effectOfAccountingCharges": null,
            "incomeBeforeTax": "-1538400000.00",
            "minorityInterest": null,
            "netIncome": "-1469300000.00",
            "sellingGeneralAdministrative": "965300000.00",
            "sellingAndMarketingExpenses": null,
            "grossProfit": null,
            "reconciledDepreciation": null,
            "ebit": "-1538400000.00",
            "ebitda": "-528300000.00",
            "depreciationAndAmortization": null,
            "nonOperatingIncomeNetOther": null,
            "operatingIncome": "-1538400000.00",
            "otherOperatingExpenses": null,
            "interestExpense": "1003800000.00",
            "taxProvision": null,
            "interestIncome": null,
            "netInterestIncome": null,
            "extraordinaryItems": null,
            "nonRecurring": null,
            "otherItems": null,
            "incomeTaxExpense": "-62800000.00",
            "totalRevenue": "1630100000.00",
            "totalOperatingExpenses": "2165500000.00",
            "costOfRevenue": null,
            "totalOtherIncomeExpenseNet": null,
            "discontinuedOperations": null,
            "netIncomeFromContinuingOps": null,
            "netIncomeApplicableToCommonShares": null,
            "preferredStockAndOtherAdjustments": null
        },
        "2011-06-30": {
            "date": "2011-06-30",
            "filing_date": "2011-06-30",
            "currency_symbol": "EUR",
            "researchDevelopment": null,
            "effectOfAccountingCharges": null,
            "incomeBeforeTax": "369400000.00",
            "minorityInterest": null,
            "netIncome": "235700000.00",
            "sellingGeneralAdministrative": "963300000.00",
            "sellingAndMarketingExpenses": null,
            "grossProfit": null,
            "reconciledDepreciation": null,
            "ebit": "369400000.00",
            "ebitda": "1227000000.00",
            "depreciationAndAmortization": null,
            "nonOperatingIncomeNetOther": null,
            "operatingIncome": "369400000.00",
            "otherOperatingExpenses": null,
            "interestExpense": "910100000.00",
            "taxProvision": null,
            "interestIncome": null,
            "netInterestIncome": null,
            "extraordinaryItems": null,
            "nonRecurring": null,
            "otherItems": null,
            "incomeTaxExpense": "81200000.00",
            "totalRevenue": "1976800000.00",
            "totalOperatingExpenses": "1094800000.00",
            "costOfRevenue": null,
            "totalOtherIncomeExpenseNet": null,
            "discontinuedOperations": null,
            "netIncomeFromContinuingOps": null,
            "netIncomeApplicableToCommonShares": null,
            "preferredStockAndOtherAdjustments": null
        },
        "2011-03-31": {
            "date": "2011-03-31",
            "filing_date": "2011-03-31",
            "currency_symbol": "EUR",
            "researchDevelopment": null,
            "effectOfAccountingCharges": null,
            "incomeBeforeTax": "393700000.00",
            "minorityInterest": null,
            "netIncome": "260600000.00",
            "sellingGeneralAdministrative": "963000000.00",
            "sellingAndMarketingExpenses": null,
            "grossProfit": null,
            "reconciledDepreciation": null,
            "ebit": "393700000.00",
            "ebitda": "1243900000.00",
            "depreciationAndAmortization": null,
            "nonOperatingIncomeNetOther": null,
            "operatingIncome": "393700000.00",
            "otherOperatingExpenses": null,
            "interestExpense": "896700000.00",
            "taxProvision": null,
            "interestIncome": null,
            "netInterestIncome": null,
            "extraordinaryItems": null,
            "nonRecurring": null,
            "otherItems": null,
            "incomeTaxExpense": "86600000.00",
            "totalRevenue": "1916600000.00",
            "totalOperatingExpenses": "1091700000.00",
            "costOfRevenue": null,
            "totalOtherIncomeExpenseNet": null,
            "discontinuedOperations": null,
            "netIncomeFromContinuingOps": null,
            "netIncomeApplicableToCommonShares": null,
            "preferredStockAndOtherAdjustments": null
        },
        "2010-12-31": {
            "date": "2010-12-31",
            "filing_date": "2010-12-31",
            "currency_symbol": "EUR",
            "researchDevelopment": null,
            "effectOfAccountingCharges": null,
            "incomeBeforeTax": "347030000.00",
            "minorityInterest": null,
            "netIncome": "116019000.00",
            "sellingGeneralAdministrative": "945082000.00",
            "sellingAndMarketingExpenses": null,
            "grossProfit": null,
            "reconciledDepreciation": null,
            "ebit": "360846000.00",
            "ebitda": "1046912000.00",
            "depreciationAndAmortization": null,
            "nonOperatingIncomeNetOther": null,
            "operatingIncome": "360846000.00",
            "otherOperatingExpenses": null,
            "interestExpense": "870900000.00",
            "taxProvision": null,
            "interestIncome": null,
            "netInterestIncome": null,
            "extraordinaryItems": null,
            "nonRecurring": null,
            "otherItems": null,
            "incomeTaxExpense": "59993000.00",
            "totalRevenue": "1881273000.00",
            "totalOperatingExpenses": "949182000.00",
            "costOfRevenue": null,
            "totalOtherIncomeExpenseNet": "-13816000.00",
            "discontinuedOperations": null,
            "netIncomeFromContinuingOps": null,
            "netIncomeApplicableToCommonShares": null,
            "preferredStockAndOtherAdjustments": null
        },
        "2010-09-30": {
            "date": "2010-09-30",
            "filing_date": "2010-09-30",
            "currency_symbol": "EUR",
            "researchDevelopment": null,
            "effectOfAccountingCharges": null,
            "incomeBeforeTax": "403300000.00",
            "minorityInterest": null,
            "netIncome": "310500000.00",
            "sellingGeneralAdministrative": "973300000.00",
            "sellingAndMarketingExpenses": null,
            "grossProfit": null,
            "reconciledDepreciation": null,
            "ebit": "408200000.00",
            "ebitda": "1267700000.00",
            "depreciationAndAmortization": null,
            "nonOperatingIncomeNetOther": null,
            "operatingIncome": "408200000.00",
            "otherOperatingExpenses": null,
            "interestExpense": "864400000.00",
            "taxProvision": null,
            "interestIncome": null,
            "netInterestIncome": null,
            "extraordinaryItems": null,
            "nonRecurring": null,
            "otherItems": null,
            "incomeTaxExpense": "92800000.00",
            "totalRevenue": "2010300000.00",
            "totalOperatingExpenses": "1097900000.00",
            "costOfRevenue": null,
            "totalOtherIncomeExpenseNet": "-4900000.00",
            "discontinuedOperations": null,
            "netIncomeFromContinuingOps": null,
            "netIncomeApplicableToCommonShares": null,
            "preferredStockAndOtherAdjustments": null
        },
        "2010-06-30": {
            "date": "2010-06-30",
            "filing_date": "2010-06-30",
            "currency_symbol": "EUR",
            "researchDevelopment": null,
            "effectOfAccountingCharges": null,
            "incomeBeforeTax": "362700000.00",
            "minorityInterest": null,
            "netIncome": "279300000.00",
            "sellingGeneralAdministrative": "945300000.00",
            "sellingAndMarketingExpenses": null,
            "grossProfit": null,
            "reconciledDepreciation": null,
            "ebit": "364100000.00",
            "ebitda": "1169500000.00",
            "depreciationAndAmortization": null,
            "nonOperatingIncomeNetOther": null,
            "operatingIncome": "364100000.00",
            "otherOperatingExpenses": null,
            "interestExpense": "806800000.00",
            "taxProvision": null,
            "interestIncome": null,
            "netInterestIncome": null,
            "extraordinaryItems": null,
            "nonRecurring": null,
            "otherItems": null,
            "incomeTaxExpense": "83400000.00",
            "totalRevenue": "1953500000.00",
            "totalOperatingExpenses": "1036400000.00",
            "costOfRevenue": null,
            "totalOtherIncomeExpenseNet": "-1400000.00",
            "discontinuedOperations": null,
            "netIncomeFromContinuingOps": null,
            "netIncomeApplicableToCommonShares": null,
            "preferredStockAndOtherAdjustments": null
        },
        "2010-03-31": {
            "date": "2010-03-31",
            "filing_date": "2010-03-31",
            "currency_symbol": "EUR",
            "researchDevelopment": null,
            "effectOfAccountingCharges": null,
            "incomeBeforeTax": "402100000.00",
            "minorityInterest": null,
            "netIncome": "309600000.00",
            "sellingGeneralAdministrative": "953100000.00",
            "sellingAndMarketingExpenses": null,
            "grossProfit": null,
            "reconciledDepreciation": null,
            "ebit": "384300000.00",
            "ebitda": "1263400000.00",
            "depreciationAndAmortization": null,
            "nonOperatingIncomeNetOther": null,
            "operatingIncome": "384300000.00",
            "otherOperatingExpenses": null,
            "interestExpense": "861300000.00",
            "taxProvision": null,
            "interestIncome": null,
            "netInterestIncome": null,
            "extraordinaryItems": null,
            "nonRecurring": null,
            "otherItems": null,
            "incomeTaxExpense": "92500000.00",
            "totalRevenue": "1936300000.00",
            "totalOperatingExpenses": "1020800000.00",
            "costOfRevenue": null,
            "totalOtherIncomeExpenseNet": "17800000.00",
            "discontinuedOperations": null,
            "netIncomeFromContinuingOps": null,
            "netIncomeApplicableToCommonShares": null,
            "preferredStockAndOtherAdjustments": null
        },
        "2009-12-31": {
            "date": "2009-12-31",
            "filing_date": "2009-12-31",
            "currency_symbol": "EUR",
            "researchDevelopment": null,
            "effectOfAccountingCharges": null,
            "incomeBeforeTax": "183380000.00",
            "minorityInterest": null,
            "netIncome": "95090000.00",
            "sellingGeneralAdministrative": "927096000.00",
            "sellingAndMarketingExpenses": null,
            "grossProfit": null,
            "reconciledDepreciation": null,
            "ebit": "233130000.00",
            "ebitda": "1900341000.00",
            "depreciationAndAmortization": null,
            "nonOperatingIncomeNetOther": null,
            "operatingIncome": "233130000.00",
            "otherOperatingExpenses": null,
            "interestExpense": "1790200000.00",
            "taxProvision": null,
            "interestIncome": null,
            "netInterestIncome": null,
            "extraordinaryItems": null,
            "nonRecurring": null,
            "otherItems": null,
            "incomeTaxExpense": "15051000.00",
            "totalRevenue": "1811154000.00",
            "totalOperatingExpenses": "955396000.00",
            "costOfRevenue": null,
            "totalOtherIncomeExpenseNet": "-49750000.00",
            "discontinuedOperations": null,
            "netIncomeFromContinuingOps": null,
            "netIncomeApplicableToCommonShares": null,
            "preferredStockAndOtherAdjustments": null
        },
        "2009-09-30": {
            "date": "2009-09-30",
            "filing_date": "2009-09-30",
            "currency_symbol": "EUR",
            "researchDevelopment": null,
            "effectOfAccountingCharges": null,
            "incomeBeforeTax": "312800000.00",
            "minorityInterest": null,
            "netIncome": "234500000.00",
            "sellingGeneralAdministrative": "920100000.00",
            "sellingAndMarketingExpenses": null,
            "grossProfit": null,
            "reconciledDepreciation": null,
            "ebit": "329100000.00",
            "ebitda": "826300000.00",
            "depreciationAndAmortization": null,
            "nonOperatingIncomeNetOther": null,
            "operatingIncome": "329100000.00",
            "otherOperatingExpenses": null,
            "interestExpense": "513500000.00",
            "taxProvision": null,
            "interestIncome": null,
            "netInterestIncome": null,
            "extraordinaryItems": null,
            "nonRecurring": null,
            "otherItems": null,
            "incomeTaxExpense": "78300000.00",
            "totalRevenue": "1920600000.00",
            "totalOperatingExpenses": "1034400000.00",
            "costOfRevenue": null,
            "totalOtherIncomeExpenseNet": "-16300000.00",
            "discontinuedOperations": null,
            "netIncomeFromContinuingOps": null,
            "netIncomeApplicableToCommonShares": null,
            "preferredStockAndOtherAdjustments": null
        },
        "2009-06-30": {
            "date": "2009-06-30",
            "filing_date": "2009-06-30",
            "currency_symbol": "EUR",
            "researchDevelopment": null,
            "effectOfAccountingCharges": null,
            "incomeBeforeTax": "391700000.00",
            "minorityInterest": null,
            "netIncome": "284400000.00",
            "sellingGeneralAdministrative": "984300000.00",
            "sellingAndMarketingExpenses": null,
            "grossProfit": null,
            "reconciledDepreciation": null,
            "ebit": "368400000.00",
            "ebitda": "1408000000.00",
            "depreciationAndAmortization": null,
            "nonOperatingIncomeNetOther": null,
            "operatingIncome": "368400000.00",
            "otherOperatingExpenses": null,
            "interestExpense": "1016300000.00",
            "taxProvision": null,
            "interestIncome": null,
            "netInterestIncome": null,
            "extraordinaryItems": null,
            "nonRecurring": null,
            "otherItems": null,
            "incomeTaxExpense": "107300000.00",
            "totalRevenue": "1922200000.00",
            "totalOperatingExpenses": "1031900000.00",
            "costOfRevenue": null,
            "totalOtherIncomeExpenseNet": "23300000.00",
            "discontinuedOperations": null,
            "netIncomeFromContinuingOps": null,
            "netIncomeApplicableToCommonShares": null,
            "preferredStockAndOtherAdjustments": null
        },
        "2009-03-31": {
            "date": "2009-03-31",
            "filing_date": "2009-03-31",
            "currency_symbol": "EUR",
            "researchDevelopment": null,
            "effectOfAccountingCharges": null,
            "incomeBeforeTax": "373400000.00",
            "minorityInterest": null,
            "netIncome": "289400000.00",
            "sellingGeneralAdministrative": "975900000.00",
            "sellingAndMarketingExpenses": null,
            "grossProfit": null,
            "reconciledDepreciation": null,
            "ebit": "428400000.00",
            "ebitda": "2117400000.00",
            "depreciationAndAmortization": null,
            "nonOperatingIncomeNetOther": null,
            "operatingIncome": "428400000.00",
            "otherOperatingExpenses": null,
            "interestExpense": "1744000000.00",
            "taxProvision": null,
            "interestIncome": null,
            "netInterestIncome": null,
            "extraordinaryItems": null,
            "nonRecurring": null,
            "otherItems": null,
            "incomeTaxExpense": "84000000.00",
            "totalRevenue": "1814400000.00",
            "totalOperatingExpenses": "1015800000.00",
            "costOfRevenue": null,
            "totalOtherIncomeExpenseNet": "-55000000.00",
            "discontinuedOperations": null,
            "netIncomeFromContinuingOps": null,
            "netIncomeApplicableToCommonShares": null,
            "preferredStockAndOtherAdjustments": null
        }
    },
    "yearly": {
        "2024-12-31": {
            "date": "2024-12-31",
            "filing_date": null,
            "currency_symbol": "EUR",
            "researchDevelopment": null,
            "effectOfAccountingCharges": null,
            "incomeBeforeTax": "4997000000.00",
            "minorityInterest": "-819000000.00",
            "netIncome": "3125000000.00",
            "sellingGeneralAdministrative": "1529000000.00",
            "sellingAndMarketingExpenses": null,
            "grossProfit": null,
            "reconciledDepreciation": "554000000.00",
            "ebit": null,
            "ebitda": null,
            "depreciationAndAmortization": null,
            "nonOperatingIncomeNetOther": null,
            "operatingIncome": null,
            "otherOperatingExpenses": null,
            "interestExpense": "11581000000.00",
            "taxProvision": "1053000000.00",
            "interestIncome": "19109000000.00",
            "netInterestIncome": "7528000000.00",
            "extraordinaryItems": null,
            "nonRecurring": null,
            "otherItems": null,
            "incomeTaxExpense": null,
            "totalRevenue": "10894000000.00",
            "totalOperatingExpenses": null,
            "costOfRevenue": null,
            "totalOtherIncomeExpenseNet": null,
            "discontinuedOperations": null,
            "netIncomeFromContinuingOps": "3944000000.00",
            "netIncomeApplicableToCommonShares": null,
            "preferredStockAndOtherAdjustments": null
        },
        "2023-12-31": {
            "date": "2023-12-31",
            "filing_date": null,
            "currency_symbol": "EUR",
            "researchDevelopment": null,
            "effectOfAccountingCharges": null,
            "incomeBeforeTax": "4795000000.00",
            "minorityInterest": "-923000000.00",
            "netIncome": "2998000000.00",
            "sellingGeneralAdministrative": "1468000000.00",
            "sellingAndMarketingExpenses": null,
            "grossProfit": null,
            "reconciledDepreciation": "632000000.00",
            "ebit": null,
            "ebitda": null,
            "depreciationAndAmortization": null,
            "nonOperatingIncomeNetOther": null,
            "operatingIncome": null,
            "otherOperatingExpenses": null,
            "interestExpense": "12262000000.00",
            "taxProvision": "874000000.00",
            "interestIncome": "19491000000.00",
            "netInterestIncome": "7229000000.00",
            "extraordinaryItems": null,
            "nonRecurring": null,
            "otherItems": null,
            "incomeTaxExpense": null,
            "totalRevenue": "10321000000.00",
            "totalOperatingExpenses": null,
            "costOfRevenue": null,
            "totalOtherIncomeExpenseNet": null,
            "discontinuedOperations": null,
            "netIncomeFromContinuingOps": "3921000000.00",
            "netIncomeApplicableToCommonShares": null,
            "preferredStockAndOtherAdjustments": null
        },
        "2022-12-31": {
            "date": "2022-12-31",
            "filing_date": null,
            "currency_symbol": "EUR",
            "researchDevelopment": null,
            "effectOfAccountingCharges": null,
            "incomeBeforeTax": "3222400000.00",
            "minorityInterest": "-501600000.00",
            "netIncome": "2164700000.00",
            "sellingGeneralAdministrative": "1027100000.00",
            "sellingAndMarketingExpenses": null,
            "grossProfit": null,
            "reconciledDepreciation": "593800000.00",
            "ebit": null,
            "ebitda": null,
            "depreciationAndAmortization": null,
            "nonOperatingIncomeNetOther": null,
            "operatingIncome": null,
            "otherOperatingExpenses": "421816000.00",
            "interestExpense": "5289700000.00",
            "taxProvision": "556100000.00",
            "interestIncome": "11240200000.00",
            "netInterestIncome": "5950500000.00",
            "extraordinaryItems": null,
            "nonRecurring": null,
            "otherItems": null,
            "incomeTaxExpense": "556108000.00",
            "totalRevenue": "8394300000.00",
            "totalOperatingExpenses": null,
            "costOfRevenue": null,
            "totalOtherIncomeExpenseNet": null,
            "discontinuedOperations": null,
            "netIncomeFromContinuingOps": "2666300000.00",
            "netIncomeApplicableToCommonShares": "2164718000.00",
            "preferredStockAndOtherAdjustments": null
        },
        "2021-12-31": {
            "date": "2021-12-31",
            "filing_date": "2021-12-31",
            "currency_symbol": "EUR",
            "researchDevelopment": null,
            "effectOfAccountingCharges": null,
            "incomeBeforeTax": "2933400000.00",
            "minorityInterest": "-484761000.00",
            "netIncome": "1923400000.00",
            "sellingGeneralAdministrative": "1180300000.00",
            "sellingAndMarketingExpenses": null,
            "grossProfit": null,
            "reconciledDepreciation": "548040000.00",
            "ebit": "4058200000.00",
            "ebitda": "4664800000.00",
            "depreciationAndAmortization": "606600000.00",
            "nonOperatingIncomeNetOther": null,
            "operatingIncome": null,
            "otherOperatingExpenses": "277200000.00",
            "interestExpense": "1609600000.00",
            "taxProvision": "525213000.00",
            "interestIncome": "6585364000.00",
            "netInterestIncome": "4975680000.00",
            "extraordinaryItems": null,
            "nonRecurring": null,
            "otherItems": null,
            "incomeTaxExpense": "525200000.00",
            "totalRevenue": "7599200000.00",
            "totalOperatingExpenses": "4496100000.00",
            "costOfRevenue": null,
            "totalOtherIncomeExpenseNet": null,
            "discontinuedOperations": null,
            "netIncomeFromContinuingOps": "2408141000.00",
            "netIncomeApplicableToCommonShares": "1775593000.00",
            "preferredStockAndOtherAdjustments": null
        },
        "2020-12-31": {
            "date": "2020-12-31",
            "filing_date": "2020-12-31",
            "currency_symbol": "EUR",
            "researchDevelopment": null,
            "effectOfAccountingCharges": null,
            "incomeBeforeTax": "1368000000.00",
            "minorityInterest": "5073100000.00",
            "netIncome": "783100000.00",
            "sellingGeneralAdministrative": "1158900000.00",
            "sellingAndMarketingExpenses": null,
            "grossProfit": null,
            "reconciledDepreciation": "614300000.00",
            "ebit": "2920400000.00",
            "ebitda": "3534700000.00",
            "depreciationAndAmortization": "614300000.00",
            "nonOperatingIncomeNetOther": null,
            "operatingIncome": null,
            "otherOperatingExpenses": "208000000.00",
            "interestExpense": "1794800000.00",
            "taxProvision": "342500000.00",
            "interestIncome": "6745400000.00",
            "netInterestIncome": "4774900000.00",
            "extraordinaryItems": null,
            "nonRecurring": null,
            "otherItems": null,
            "incomeTaxExpense": "342500000.00",
            "totalRevenue": "7158400000.00",
            "totalOperatingExpenses": "4398500000.00",
            "costOfRevenue": null,
            "totalOtherIncomeExpenseNet": null,
            "discontinuedOperations": null,
            "netIncomeFromContinuingOps": "1025500000.00",
            "netIncomeApplicableToCommonShares": "668520000.00",
            "preferredStockAndOtherAdjustments": null
        },
        "2019-12-31": {
            "date": "2019-12-31",
            "filing_date": "2019-12-31",
            "currency_symbol": "EUR",
            "researchDevelopment": null,
            "effectOfAccountingCharges": null,
            "incomeBeforeTax": "2329731000.00",
            "minorityInterest": "4857500000.00",
            "netIncome": "1470133000.00",
            "sellingGeneralAdministrative": "1205146000.00",
            "sellingAndMarketingExpenses": null,
            "grossProfit": "7216740000.00",
            "reconciledDepreciation": "738000000.00",
            "ebit": "4341207000.00",
            "ebitda": "5079207000.00",
            "depreciationAndAmortization": "738000000.00",
            "nonOperatingIncomeNetOther": null,
            "operatingIncome": "2647110000.00",
            "otherOperatingExpenses": "295500000.00",
            "interestExpense": "2452400000.00",
            "taxProvision": "418674000.00",
            "interestIncome": "7410500000.00",
            "netInterestIncome": "4746800000.00",
            "extraordinaryItems": null,
            "nonRecurring": null,
            "otherItems": null,
            "incomeTaxExpense": "418674000.00",
            "totalRevenue": "7256837000.00",
            "totalOperatingExpenses": "4722552000.00",
            "costOfRevenue": null,
            "totalOtherIncomeExpenseNet": "-317379000.00",
            "discontinuedOperations": null,
            "netIncomeFromContinuingOps": "1911057000.00",
            "netIncomeApplicableToCommonShares": "1378019000.00",
            "preferredStockAndOtherAdjustments": null
        },
        "2018-12-31": {
            "date": "2018-12-31",
            "filing_date": "2018-12-31",
            "currency_symbol": "EUR",
            "researchDevelopment": null,
            "effectOfAccountingCharges": null,
            "incomeBeforeTax": "2494972000.00",
            "minorityInterest": "4494030000.00",
            "netIncome": "1793446000.00",
            "sellingGeneralAdministrative": "1234893000.00",
            "sellingAndMarketingExpenses": "175500000.00",
            "grossProfit": "6971401000.00",
            "reconciledDepreciation": "571000000.00",
            "ebit": "4490785000.00",
            "ebitda": "5061785000.00",
            "depreciationAndAmortization": "571000000.00",
            "nonOperatingIncomeNetOther": null,
            "operatingIncome": "2600214000.00",
            "otherOperatingExpenses": "212890000.00",
            "interestExpense": "2364900000.00",
            "taxProvision": "332439000.00",
            "interestIncome": "7048900000.00",
            "netInterestIncome": "4581900000.00",
            "extraordinaryItems": null,
            "nonRecurring": null,
            "otherItems": null,
            "incomeTaxExpense": "332439000.00",
            "totalRevenue": "6909727000.00",
            "totalOperatingExpenses": "4301297000.00",
            "costOfRevenue": null,
            "totalOtherIncomeExpenseNet": "-105242000.00",
            "discontinuedOperations": null,
            "netIncomeFromContinuingOps": "2162533000.00",
            "netIncomeApplicableToCommonShares": "1716590000.00",
            "preferredStockAndOtherAdjustments": null
        },
        "2017-12-31": {
            "date": "2017-12-31",
            "filing_date": "2017-12-31",
            "currency_symbol": "EUR",
            "researchDevelopment": null,
            "effectOfAccountingCharges": null,
            "incomeBeforeTax": "2077797000.00",
            "minorityInterest": "4416402000.00",
            "netIncome": "1316218000.00",
            "sellingGeneralAdministrative": "809100000.00",
            "sellingAndMarketingExpenses": "174200000.00",
            "grossProfit": "6693454000.00",
            "reconciledDepreciation": "558000000.00",
            "ebit": "2997668000.00",
            "ebitda": "3555668000.00",
            "depreciationAndAmortization": "558000000.00",
            "nonOperatingIncomeNetOther": null,
            "operatingIncome": "2222997000.00",
            "otherOperatingExpenses": "367324000.00",
            "interestExpense": "1271400000.00",
            "taxProvision": "410050000.00",
            "interestIncome": "6026000000.00",
            "netInterestIncome": "4353200000.00",
            "extraordinaryItems": null,
            "nonRecurring": null,
            "otherItems": null,
            "incomeTaxExpense": "410050000.00",
            "totalRevenue": "6778629000.00",
            "totalOperatingExpenses": "4524800000.00",
            "costOfRevenue": null,
            "totalOtherIncomeExpenseNet": "-145200000.00",
            "discontinuedOperations": null,
            "netIncomeFromContinuingOps": "1667747000.00",
            "netIncomeApplicableToCommonShares": "1255325000.00",
            "preferredStockAndOtherAdjustments": null
        },
        "2016-12-31": {
            "date": "2016-12-31",
            "filing_date": "2016-12-31",
            "currency_symbol": "EUR",
            "researchDevelopment": null,
            "effectOfAccountingCharges": null,
            "incomeBeforeTax": "1950385000.00",
            "minorityInterest": "4142054000.00",
            "netIncome": "1264728000.00",
            "sellingGeneralAdministrative": "742100000.00",
            "sellingAndMarketingExpenses": "162400000.00",
            "grossProfit": "6643510000.00",
            "reconciledDepreciation": null,
            "ebit": "3213955000.00",
            "ebitda": "3835955000.00",
            "depreciationAndAmortization": "622000000.00",
            "nonOperatingIncomeNetOther": null,
            "operatingIncome": "1950384000.00",
            "otherOperatingExpenses": "313252000.00",
            "interestExpense": "1535600000.00",
            "taxProvision": "413627000.00",
            "interestIncome": "6309400000.00",
            "netInterestIncome": "4374700000.00",
            "extraordinaryItems": null,
            "nonRecurring": null,
            "otherItems": null,
            "incomeTaxExpense": "413627000.00",
            "totalRevenue": "6817015000.00",
            "totalOperatingExpenses": "4453700000.00",
            "costOfRevenue": null,
            "totalOtherIncomeExpenseNet": "1000.00",
            "discontinuedOperations": null,
            "netIncomeFromContinuingOps": "1536758000.00",
            "netIncomeApplicableToCommonShares": "1248360000.00",
            "preferredStockAndOtherAdjustments": null
        },
        "2015-12-31": {
            "date": "2015-12-31",
            "filing_date": "2015-12-31",
            "currency_symbol": "EUR",
            "researchDevelopment": null,
            "effectOfAccountingCharges": null,
            "incomeBeforeTax": "1639064000.00",
            "minorityInterest": "3801997000.00",
            "netIncome": "968164000.00",
            "sellingGeneralAdministrative": "674600000.00",
            "sellingAndMarketingExpenses": "167400000.00",
            "grossProfit": "6440591000.00",
            "reconciledDepreciation": null,
            "ebit": "3335090000.00",
            "ebitda": "3902090000.00",
            "depreciationAndAmortization": "567000000.00",
            "nonOperatingIncomeNetOther": null,
            "operatingIncome": "1639063000.00",
            "otherOperatingExpenses": "885788000.00",
            "interestExpense": "2003000000.00",
            "taxProvision": null,
            "interestIncome": null,
            "netInterestIncome": null,
            "extraordinaryItems": null,
            "nonRecurring": null,
            "otherItems": null,
            "incomeTaxExpense": "363926000.00",
            "totalRevenue": "6787666000.00",
            "totalOperatingExpenses": "4365800000.00",
            "costOfRevenue": null,
            "totalOtherIncomeExpenseNet": "1000.00",
            "discontinuedOperations": null,
            "netIncomeFromContinuingOps": "1275138000.00",
            "netIncomeApplicableToCommonShares": "968164000.00",
            "preferredStockAndOtherAdjustments": null
        },
        "2014-12-31": {
            "date": "2014-12-31",
            "filing_date": "2014-12-31",
            "currency_symbol": "EUR",
            "researchDevelopment": null,
            "effectOfAccountingCharges": null,
            "incomeBeforeTax": "-803232000.00",
            "minorityInterest": null,
            "netIncome": "-1441993000.00",
            "sellingGeneralAdministrative": "633300000.00",
            "sellingAndMarketingExpenses": "167800000.00",
            "grossProfit": null,
            "reconciledDepreciation": null,
            "ebit": "873311000.00",
            "ebitda": "2485311000.00",
            "depreciationAndAmortization": "1612000000.00",
            "nonOperatingIncomeNetOther": null,
            "operatingIncome": "-803234000.00",
            "otherOperatingExpenses": null,
            "interestExpense": "1805900000.00",
            "taxProvision": null,
            "interestIncome": null,
            "netInterestIncome": null,
            "extraordinaryItems": null,
            "nonRecurring": null,
            "otherItems": null,
            "incomeTaxExpense": "509404000.00",
            "totalRevenue": "6838410000.00",
            "totalOperatingExpenses": "3939700000.00",
            "costOfRevenue": null,
            "totalOtherIncomeExpenseNet": "2000.00",
            "discontinuedOperations": null,
            "netIncomeFromContinuingOps": null,
            "netIncomeApplicableToCommonShares": null,
            "preferredStockAndOtherAdjustments": null
        },
        "2013-12-31": {
            "date": "2013-12-31",
            "filing_date": "2013-12-31",
            "currency_symbol": "EUR",
            "researchDevelopment": null,
            "effectOfAccountingCharges": null,
            "incomeBeforeTax": "374297000.00",
            "minorityInterest": null,
            "netIncome": "60970000.00",
            "sellingGeneralAdministrative": "648400000.00",
            "sellingAndMarketingExpenses": "164000000.00",
            "grossProfit": null,
            "reconciledDepreciation": null,
            "ebit": "3054009000.00",
            "ebitda": "4026009000.00",
            "depreciationAndAmortization": "972000000.00",
            "nonOperatingIncomeNetOther": null,
            "operatingIncome": "374298000.00",
            "otherOperatingExpenses": null,
            "interestExpense": "2814500000.00",
            "taxProvision": null,
            "interestIncome": null,
            "netInterestIncome": null,
            "extraordinaryItems": null,
            "nonRecurring": null,
            "otherItems": null,
            "incomeTaxExpense": "178539000.00",
            "totalRevenue": "6856638000.00",
            "totalOperatingExpenses": "4285300000.00",
            "costOfRevenue": null,
            "totalOtherIncomeExpenseNet": "-1000.00",
            "discontinuedOperations": null,
            "netIncomeFromContinuingOps": null,
            "netIncomeApplicableToCommonShares": null,
            "preferredStockAndOtherAdjustments": null
        },
        "2012-12-31": {
            "date": "2012-12-31",
            "filing_date": "2012-12-31",
            "currency_symbol": "EUR",
            "researchDevelopment": null,
            "effectOfAccountingCharges": null,
            "incomeBeforeTax": "801217000.00",
            "minorityInterest": null,
            "netIncome": "483477000.00",
            "sellingGeneralAdministrative": "641300000.00",
            "sellingAndMarketingExpenses": "184700000.00",
            "grossProfit": null,
            "reconciledDepreciation": null,
            "ebit": "4229884000.00",
            "ebitda": "4230996000.00",
            "depreciationAndAmortization": "1112000.00",
            "nonOperatingIncomeNetOther": null,
            "operatingIncome": "768597000.00",
            "otherOperatingExpenses": null,
            "interestExpense": "3576200000.00",
            "taxProvision": null,
            "interestIncome": null,
            "netInterestIncome": null,
            "extraordinaryItems": null,
            "nonRecurring": null,
            "otherItems": null,
            "incomeTaxExpense": "170207000.00",
            "totalRevenue": "7652234000.00",
            "totalOperatingExpenses": "4280500000.00",
            "costOfRevenue": null,
            "totalOtherIncomeExpenseNet": "32620000.00",
            "discontinuedOperations": null,
            "netIncomeFromContinuingOps": null,
            "netIncomeApplicableToCommonShares": null,
            "preferredStockAndOtherAdjustments": null
        },
        "2011-12-31": {
            "date": "2011-12-31",
            "filing_date": "2011-12-31",
            "currency_symbol": "EUR",
            "researchDevelopment": null,
            "effectOfAccountingCharges": null,
            "incomeBeforeTax": "-322128000.00",
            "minorityInterest": null,
            "netIncome": "-718900000.00",
            "sellingGeneralAdministrative": "3850904000.00",
            "sellingAndMarketingExpenses": "193700000.00",
            "grossProfit": null,
            "reconciledDepreciation": null,
            "ebit": "3311140000.00",
            "ebitda": "4919140000.00",
            "depreciationAndAmortization": "1608000000.00",
            "nonOperatingIncomeNetOther": null,
            "operatingIncome": null,
            "otherOperatingExpenses": null,
            "interestExpense": "3789600000.00",
            "taxProvision": null,
            "interestIncome": null,
            "netInterestIncome": null,
            "extraordinaryItems": null,
            "nonRecurring": null,
            "otherItems": null,
            "incomeTaxExpense": "240440000.00",
            "totalRevenue": "7377489000.00",
            "totalOperatingExpenses": "4278904000.00",
            "costOfRevenue": null,
            "totalOtherIncomeExpenseNet": null,
            "discontinuedOperations": null,
            "netIncomeFromContinuingOps": null,
            "netIncomeApplicableToCommonShares": null,
            "preferredStockAndOtherAdjustments": null
        },
        "2010-12-31": {
            "date": "2010-12-31",
            "filing_date": "2010-12-31",
            "currency_symbol": "EUR",
            "researchDevelopment": null,
            "effectOfAccountingCharges": null,
            "incomeBeforeTax": "1515130000.00",
            "minorityInterest": null,
            "netIncome": "1015419000.00",
            "sellingGeneralAdministrative": "3816782000.00",
            "sellingAndMarketingExpenses": null,
            "grossProfit": null,
            "reconciledDepreciation": null,
            "ebit": "4747512000.00",
            "ebitda": "5423512000.00",
            "depreciationAndAmortization": "676000000.00",
            "nonOperatingIncomeNetOther": null,
            "operatingIncome": "1517446000.00",
            "otherOperatingExpenses": null,
            "interestExpense": "3403400000.00",
            "taxProvision": null,
            "interestIncome": null,
            "netInterestIncome": null,
            "extraordinaryItems": null,
            "nonRecurring": null,
            "otherItems": null,
            "incomeTaxExpense": "328693000.00",
            "totalRevenue": "7781373000.00",
            "totalOperatingExpenses": "4104282000.00",
            "costOfRevenue": null,
            "totalOtherIncomeExpenseNet": "-2316000.00",
            "discontinuedOperations": null,
            "netIncomeFromContinuingOps": null,
            "netIncomeApplicableToCommonShares": null,
            "preferredStockAndOtherAdjustments": null
        },
        "2009-12-31": {
            "date": "2009-12-31",
            "filing_date": "2009-12-31",
            "currency_symbol": "EUR",
            "researchDevelopment": null,
            "effectOfAccountingCharges": null,
            "incomeBeforeTax": "1261280000.00",
            "minorityInterest": null,
            "netIncome": "903390000.00",
            "sellingGeneralAdministrative": "3807396000.00",
            "sellingAndMarketingExpenses": null,
            "grossProfit": null,
            "reconciledDepreciation": null,
            "ebit": "6252041000.00",
            "ebitda": "7078041000.00",
            "depreciationAndAmortization": "826000000.00",
            "nonOperatingIncomeNetOther": null,
            "operatingIncome": "1359030000.00",
            "otherOperatingExpenses": null,
            "interestExpense": "5064000000.00",
            "taxProvision": null,
            "interestIncome": null,
            "netInterestIncome": null,
            "extraordinaryItems": null,
            "nonRecurring": null,
            "otherItems": null,
            "incomeTaxExpense": "284651000.00",
            "totalRevenue": "7468354000.00",
            "totalOperatingExpenses": "4037496000.00",
            "costOfRevenue": null,
            "totalOtherIncomeExpenseNet": "-97750000.00",
            "discontinuedOperations": null,
            "netIncomeFromContinuingOps": null,
            "netIncomeApplicableToCommonShares": null,
            "preferredStockAndOtherAdjustments": null
        },
        "2008-12-31": {
            "date": "2008-12-31",
            "filing_date": "2008-12-31",
            "currency_symbol": "EUR",
            "researchDevelopment": null,
            "effectOfAccountingCharges": null,
            "incomeBeforeTax": "576240000.00",
            "minorityInterest": null,
            "netIncome": "859614000.00",
            "sellingGeneralAdministrative": "4001898000.00",
            "sellingAndMarketingExpenses": null,
            "grossProfit": null,
            "reconciledDepreciation": null,
            "ebit": "8089816000.00",
            "ebitda": "8091175000.00",
            "depreciationAndAmortization": "1359000.00",
            "nonOperatingIncomeNetOther": null,
            "operatingIncome": "1146802000.00",
            "otherOperatingExpenses": null,
            "interestExpense": "7052900000.00",
            "taxProvision": null,
            "interestIncome": null,
            "netInterestIncome": null,
            "extraordinaryItems": null,
            "nonRecurring": null,
            "otherItems": null,
            "incomeTaxExpense": "177302000.00",
            "totalRevenue": "6406723000.00",
            "totalOperatingExpenses": "4195298000.00",
            "costOfRevenue": null,
            "totalOtherIncomeExpenseNet": "-570562000.00",
            "discontinuedOperations": null,
            "netIncomeFromContinuingOps": null,
            "netIncomeApplicableToCommonShares": null,
            "preferredStockAndOtherAdjustments": null
        },
        "2007-12-31": {
            "date": "2007-12-31",
            "filing_date": "2007-12-31",
            "currency_symbol": "EUR",
            "researchDevelopment": null,
            "effectOfAccountingCharges": null,
            "incomeBeforeTax": "1927561000.00",
            "minorityInterest": null,
            "netIncome": "1174695000.00",
            "sellingGeneralAdministrative": "3642097000.00",
            "sellingAndMarketingExpenses": null,
            "grossProfit": null,
            "reconciledDepreciation": null,
            "ebit": "7295702000.00",
            "ebitda": "7780702000.00",
            "depreciationAndAmortization": "485000000.00",
            "nonOperatingIncomeNetOther": null,
            "operatingIncome": "1923699000.00",
            "otherOperatingExpenses": null,
            "interestExpense": "5743400000.00",
            "taxProvision": null,
            "interestIncome": null,
            "netInterestIncome": null,
            "extraordinaryItems": null,
            "nonRecurring": null,
            "otherItems": null,
            "incomeTaxExpense": "377607000.00",
            "totalRevenue": "6169871000.00",
            "totalOperatingExpenses": "3813497000.00",
            "costOfRevenue": null,
            "totalOtherIncomeExpenseNet": "3862000.00",
            "discontinuedOperations": null,
            "netIncomeFromContinuingOps": null,
            "netIncomeApplicableToCommonShares": null,
            "preferredStockAndOtherAdjustments": null
        },
        "2006-12-31": {
            "date": "2006-12-31",
            "filing_date": "2006-12-31",
            "currency_symbol": "EUR",
            "researchDevelopment": null,
            "effectOfAccountingCharges": null,
            "incomeBeforeTax": "1522244000.00",
            "minorityInterest": null,
            "netIncome": "932246000.00",
            "sellingGeneralAdministrative": "2945330000.00",
            "sellingAndMarketingExpenses": "152600000.00",
            "grossProfit": null,
            "reconciledDepreciation": null,
            "ebit": "5200789000.00",
            "ebitda": "5555789000.00",
            "depreciationAndAmortization": "355000000.00",
            "nonOperatingIncomeNetOther": null,
            "operatingIncome": "1522244000.00",
            "otherOperatingExpenses": null,
            "interestExpense": "3928700000.00",
            "taxProvision": null,
            "interestIncome": null,
            "netInterestIncome": null,
            "extraordinaryItems": null,
            "nonRecurring": null,
            "otherItems": null,
            "incomeTaxExpense": "339843000.00",
            "totalRevenue": "5022011000.00",
            "totalOperatingExpenses": "3101230000.00",
            "costOfRevenue": null,
            "totalOtherIncomeExpenseNet": null,
            "discontinuedOperations": null,
            "netIncomeFromContinuingOps": null,
            "netIncomeApplicableToCommonShares": null,
            "preferredStockAndOtherAdjustments": null
        },
        "2005-12-31": {
            "date": "2005-12-31",
            "filing_date": "2005-12-31",
            "currency_symbol": "EUR",
            "researchDevelopment": null,
            "effectOfAccountingCharges": null,
            "incomeBeforeTax": "1221670000.00",
            "minorityInterest": null,
            "netIncome": "716713000.00",
            "sellingGeneralAdministrative": "628776000.00",
            "sellingAndMarketingExpenses": "130200000.00",
            "grossProfit": null,
            "reconciledDepreciation": null,
            "ebit": "4033283000.00",
            "ebitda": "4388283000.00",
            "depreciationAndAmortization": "355000000.00",
            "nonOperatingIncomeNetOther": null,
            "operatingIncome": "1221670000.00",
            "otherOperatingExpenses": null,
            "interestExpense": "3014857000.00",
            "taxProvision": null,
            "interestIncome": null,
            "netInterestIncome": null,
            "extraordinaryItems": null,
            "nonRecurring": null,
            "otherItems": null,
            "incomeTaxExpense": "301713000.00",
            "totalRevenue": "4373153000.00",
            "totalOperatingExpenses": "2779583000.00",
            "costOfRevenue": null,
            "totalOtherIncomeExpenseNet": null,
            "discontinuedOperations": null,
            "netIncomeFromContinuingOps": null,
            "netIncomeApplicableToCommonShares": null,
            "preferredStockAndOtherAdjustments": null
        },
        "2004-12-31": {
            "date": "2004-12-31",
            "filing_date": "2004-12-31",
            "currency_symbol": "EUR",
            "researchDevelopment": null,
            "effectOfAccountingCharges": null,
            "incomeBeforeTax": "996594000.00",
            "minorityInterest": null,
            "netIncome": "520849000.00",
            "sellingGeneralAdministrative": "657500000.00",
            "sellingAndMarketingExpenses": "114700000.00",
            "grossProfit": null,
            "reconciledDepreciation": null,
            "ebit": "3370532000.00",
            "ebitda": "3712532000.00",
            "depreciationAndAmortization": "342000000.00",
            "nonOperatingIncomeNetOther": null,
            "operatingIncome": "996594000.00",
            "otherOperatingExpenses": null,
            "interestExpense": "2571807000.00",
            "taxProvision": null,
            "interestIncome": null,
            "netInterestIncome": null,
            "extraordinaryItems": null,
            "nonRecurring": null,
            "otherItems": null,
            "incomeTaxExpense": "277876000.00",
            "totalRevenue": "4281320000.00",
            "totalOperatingExpenses": "2898541000.00",
            "costOfRevenue": null,
            "totalOtherIncomeExpenseNet": null,
            "discontinuedOperations": null,
            "netIncomeFromContinuingOps": null,
            "netIncomeApplicableToCommonShares": null,
            "preferredStockAndOtherAdjustments": null
        },
        "2003-12-31": {
            "date": "2003-12-31",
            "filing_date": "2003-12-31",
            "currency_symbol": "EUR",
            "researchDevelopment": null,
            "effectOfAccountingCharges": null,
            "incomeBeforeTax": "761588000.00",
            "minorityInterest": null,
            "netIncome": "353303000.00",
            "sellingGeneralAdministrative": "2460755000.00",
            "sellingAndMarketingExpenses": null,
            "grossProfit": null,
            "reconciledDepreciation": null,
            "ebit": "3200112000.00",
            "ebitda": "3689112000.00",
            "depreciationAndAmortization": "489000000.00",
            "nonOperatingIncomeNetOther": null,
            "operatingIncome": null,
            "otherOperatingExpenses": null,
            "interestExpense": "2622618000.00",
            "taxProvision": null,
            "interestIncome": null,
            "netInterestIncome": null,
            "extraordinaryItems": null,
            "nonRecurring": null,
            "otherItems": null,
            "incomeTaxExpense": "224191000.00",
            "totalRevenue": "3830903000.00",
            "totalOperatingExpenses": "2460755000.00",
            "costOfRevenue": null,
            "totalOtherIncomeExpenseNet": null,
            "discontinuedOperations": null,
            "netIncomeFromContinuingOps": null,
            "netIncomeApplicableToCommonShares": null,
            "preferredStockAndOtherAdjustments": null
        },
        "2002-12-31": {
            "date": "2002-12-31",
            "filing_date": "2002-12-31",
            "currency_symbol": "EUR",
            "researchDevelopment": null,
            "effectOfAccountingCharges": null,
            "incomeBeforeTax": "664610000.00",
            "minorityInterest": null,
            "netIncome": "255204000.00",
            "sellingGeneralAdministrative": "2431964000.00",
            "sellingAndMarketingExpenses": null,
            "grossProfit": null,
            "reconciledDepreciation": null,
            "ebit": "3643168000.00",
            "ebitda": "4050168000.00",
            "depreciationAndAmortization": "407000000.00",
            "nonOperatingIncomeNetOther": null,
            "operatingIncome": null,
            "otherOperatingExpenses": null,
            "interestExpense": "3236577000.00",
            "taxProvision": null,
            "interestIncome": null,
            "netInterestIncome": null,
            "extraordinaryItems": null,
            "nonRecurring": null,
            "otherItems": null,
            "incomeTaxExpense": "151387000.00",
            "totalRevenue": "3583144000.00",
            "totalOperatingExpenses": "2431964000.00",
            "costOfRevenue": null,
            "totalOtherIncomeExpenseNet": null,
            "discontinuedOperations": null,
            "netIncomeFromContinuingOps": null,
            "netIncomeApplicableToCommonShares": null,
            "preferredStockAndOtherAdjustments": null
        }
    }
}