{
    "currency_symbol": "USD",
    "quarterly": {
        "2025-06-30": {
            "date": "2025-06-30",
            "filing_date": "2025-06-30",
            "currency_symbol": "USD",
            "researchDevelopment": null,
            "effectOfAccountingCharges": null,
            "incomeBeforeTax": "2434000000.00",
            "minorityInterest": "-348000000.00",
            "netIncome": "1676000000.00",
            "sellingGeneralAdministrative": "4624000000.00",
            "sellingAndMarketingExpenses": null,
            "grossProfit": "8446000000.00",
            "reconciledDepreciation": null,
            "ebit": null,
            "ebitda": "4325000000.00",
            "depreciationAndAmortization": null,
            "nonOperatingIncomeNetOther": null,
            "operatingIncome": "3968000000.00",
            "otherOperatingExpenses": "11036000000.00",
            "interestExpense": "2041181000.00",
            "taxProvision": null,
            "interestIncome": null,
            "netInterestIncome": null,
            "extraordinaryItems": null,
            "nonRecurring": null,
            "otherItems": null,
            "incomeTaxExpense": "1404000000.00",
            "totalRevenue": "15004000000.00",
            "totalOperatingExpenses": "4478000000.00",
            "costOfRevenue": "6558000000.00",
            "totalOtherIncomeExpenseNet": "-1534000000.00",
            "discontinuedOperations": null,
            "netIncomeFromContinuingOps": "1030000000.00",
            "netIncomeApplicableToCommonShares": null,
            "preferredStockAndOtherAdjustments": null
        },
        "2025-03-31": {
            "date": "2025-03-31",
            "filing_date": "2025-03-31",
            "currency_symbol": "USD",
            "researchDevelopment": null,
            "effectOfAccountingCharges": null,
            "incomeBeforeTax": "3208000000.00",
            "minorityInterest": "-396000000.00",
            "netIncome": "2148000000.00",
            "sellingGeneralAdministrative": "4188000000.00",
            "sellingAndMarketingExpenses": null,
            "grossProfit": "7584000000.00",
            "reconciledDepreciation": null,
            "ebit": "3606000000.00",
            "ebitda": "4572750000.00",
            "depreciationAndAmortization": "966750000.00",
            "nonOperatingIncomeNetOther": null,
            "operatingIncome": "3414000000.00",
            "otherOperatingExpenses": "10214000000.00",
            "interestExpense": "818000000.00",
            "taxProvision": "664000000.00",
            "interestIncome": "30000000.00",
            "netInterestIncome": "-984000000.00",
            "extraordinaryItems": null,
            "nonRecurring": null,
            "otherItems": null,
            "incomeTaxExpense": "664000000.00",
            "totalRevenue": "13628000000.00",
            "totalOperatingExpenses": "4170000000.00",
            "costOfRevenue": "6044000000.00",
            "totalOtherIncomeExpenseNet": "-206000000.00",
            "discontinuedOperations": null,
            "netIncomeFromContinuingOps": "2544000000.00",
            "netIncomeApplicableToCommonShares": null,
            "preferredStockAndOtherAdjustments": null
        },
        "2024-12-31": {
            "date": "2024-12-31",
            "filing_date": "2024-12-31",
            "currency_symbol": "USD",
            "researchDevelopment": null,
            "effectOfAccountingCharges": null,
            "incomeBeforeTax": "2539000000.00",
            "minorityInterest": "-471000000.00",
            "netIncome": "1220000000.00",
            "sellingGeneralAdministrative": "4602000000.00",
            "sellingAndMarketingExpenses": "13357000000.00",
            "grossProfit": "8197000000.00",
            "reconciledDepreciation": null,
            "ebit": "3932000000.00",
            "ebitda": "4898750000.00",
            "depreciationAndAmortization": "966750000.00",
            "nonOperatingIncomeNetOther": null,
            "operatingIncome": "3849000000.00",
            "otherOperatingExpenses": "10992000000.00",
            "interestExpense": "1393000000.00",
            "taxProvision": "848000000.00",
            "interestIncome": "638000000.00",
            "netInterestIncome": "-422000000.00",
            "extraordinaryItems": null,
            "nonRecurring": null,
            "otherItems": null,
            "incomeTaxExpense": "848000000.00",
            "totalRevenue": "14841000000.00",
            "totalOperatingExpenses": "4348000000.00",
            "costOfRevenue": "6644000000.00",
            "totalOtherIncomeExpenseNet": "-1310000000.00",
            "discontinuedOperations": null,
            "netIncomeFromContinuingOps": "1691000000.00",
            "netIncomeApplicableToCommonShares": null,
            "preferredStockAndOtherAdjustments": null
        },
        "2024-09-30": {
            "date": "2024-09-30",
            "filing_date": "2024-09-30",
            "currency_symbol": "USD",
            "researchDevelopment": null,
            "effectOfAccountingCharges": null,
            "incomeBeforeTax": "3248000000.00",
            "minorityInterest": "-418000000.00",
            "netIncome": "2071000000.00",
            "sellingGeneralAdministrative": "4490000000.00",
            "sellingAndMarketingExpenses": null,
            "grossProfit": "8366000000.00",
            "reconciledDepreciation": null,
            "ebit": "4152000000.00",
            "ebitda": "5109250000.00",
            "depreciationAndAmortization": "957250000.00",
            "nonOperatingIncomeNetOther": null,
            "operatingIncome": "4091000000.00",
            "otherOperatingExpenses": "10955000000.00",
            "interestExpense": "904000000.00",
            "taxProvision": "758000000.00",
            "interestIncome": "34000000.00",
            "netInterestIncome": "-1043000000.00",
            "extraordinaryItems": null,
            "nonRecurring": null,
            "otherItems": null,
            "incomeTaxExpense": "758000000.00",
            "totalRevenue": "15046000000.00",
            "totalOperatingExpenses": "4275000000.00",
            "costOfRevenue": "6680000000.00",
            "totalOtherIncomeExpenseNet": "-843000000.00",
            "discontinuedOperations": null,
            "netIncomeFromContinuingOps": "2490000000.00",
            "netIncomeApplicableToCommonShares": null,
            "preferredStockAndOtherAdjustments": null
        },
        "2024-06-30": {
            "date": "2024-06-30",
            "filing_date": "2024-06-30",
            "currency_symbol": "USD",
            "researchDevelopment": null,
            "effectOfAccountingCharges": null,
            "incomeBeforeTax": "2503000000.00",
            "minorityInterest": "-279000000.00",
            "netIncome": "1472000000.00",
            "sellingGeneralAdministrative": "2517000000.00",
            "sellingAndMarketingExpenses": "6731000000.00",
            "grossProfit": "8567000000.00",
            "reconciledDepreciation": null,
            "ebit": "3463000000.00",
            "ebitda": "3242000000.00",
            "depreciationAndAmortization": "-221000000.00",
            "nonOperatingIncomeNetOther": null,
            "operatingIncome": "3905000000.00",
            "otherOperatingExpenses": "11428000000.00",
            "interestExpense": "960000000.00",
            "taxProvision": "752000000.00",
            "interestIncome": "25000000.00",
            "netInterestIncome": "-1170000000.00",
            "extraordinaryItems": null,
            "nonRecurring": null,
            "otherItems": null,
            "incomeTaxExpense": "752000000.00",
            "totalRevenue": "15333000000.00",
            "totalOperatingExpenses": "4662000000.00",
            "costOfRevenue": "6766000000.00",
            "totalOtherIncomeExpenseNet": "-1402000000.00",
            "discontinuedOperations": null,
            "netIncomeFromContinuingOps": "1751000000.00",
            "netIncomeApplicableToCommonShares": null,
            "preferredStockAndOtherAdjustments": null
        },
        "2024-03-31": {
            "date": "2024-03-31",
            "filing_date": "2024-03-31",
            "currency_symbol": "USD",
            "researchDevelopment": null,
            "effectOfAccountingCharges": null,
            "incomeBeforeTax": "2278000000.00",
            "minorityInterest": "-393000000.00",
            "netIncome": "1091000000.00",
            "sellingGeneralAdministrative": "4435000000.00",
            "sellingAndMarketingExpenses": null,
            "grossProfit": "7894000000.00",
            "reconciledDepreciation": null,
            "ebit": "3205000000.00",
            "ebitda": "4162250000.00",
            "depreciationAndAmortization": "957250000.00",
            "nonOperatingIncomeNetOther": null,
            "operatingIncome": "3642000000.00",
            "otherOperatingExpenses": "10905000000.00",
            "interestExpense": "927000000.00",
            "taxProvision": "794000000.00",
            "interestIncome": "36000000.00",
            "netInterestIncome": "-1187000000.00",
            "extraordinaryItems": null,
            "nonRecurring": null,
            "otherItems": null,
            "incomeTaxExpense": "794000000.00",
            "totalRevenue": "14547000000.00",
            "totalOperatingExpenses": "4252000000.00",
            "costOfRevenue": "6653000000.00",
            "totalOtherIncomeExpenseNet": "-1364000000.00",
            "discontinuedOperations": null,
            "netIncomeFromContinuingOps": "1484000000.00",
            "netIncomeApplicableToCommonShares": null,
            "preferredStockAndOtherAdjustments": null
        },
        "2023-12-31": {
            "date": "2023-12-31",
            "filing_date": "2023-12-31",
            "currency_symbol": "USD",
            "researchDevelopment": "256000000.00",
            "effectOfAccountingCharges": null,
            "incomeBeforeTax": "2646000000.00",
            "minorityInterest": "-379000000.00",
            "netIncome": "1891000000.00",
            "sellingGeneralAdministrative": "4738000000.00",
            "sellingAndMarketingExpenses": "13435000000.00",
            "grossProfit": "7794000000.00",
            "reconciledDepreciation": null,
            "ebit": "3612000000.00",
            "ebitda": "4569250000.00",
            "depreciationAndAmortization": "957250000.00",
            "nonOperatingIncomeNetOther": null,
            "operatingIncome": "3491000000.00",
            "otherOperatingExpenses": "10982000000.00",
            "interestExpense": "966000000.00",
            "taxProvision": "376000000.00",
            "interestIncome": "61000000.00",
            "netInterestIncome": "-1290000000.00",
            "extraordinaryItems": null,
            "nonRecurring": null,
            "otherItems": null,
            "incomeTaxExpense": "376000000.00",
            "totalRevenue": "14473000000.00",
            "totalOperatingExpenses": "4303000000.00",
            "costOfRevenue": "6679000000.00",
            "totalOtherIncomeExpenseNet": "-845000000.00",
            "discontinuedOperations": null,
            "netIncomeFromContinuingOps": "2270000000.00",
            "netIncomeApplicableToCommonShares": null,
            "preferredStockAndOtherAdjustments": null
        },
        "2023-09-30": {
            "date": "2023-09-30",
            "filing_date": "2023-09-30",
            "currency_symbol": "USD",
            "researchDevelopment": null,
            "effectOfAccountingCharges": null,
            "incomeBeforeTax": "2632000000.00",
            "minorityInterest": "-494000000.00",
            "netIncome": "1472000000.00",
            "sellingGeneralAdministrative": "4583000000.00",
            "sellingAndMarketingExpenses": null,
            "grossProfit": "8394000000.00",
            "reconciledDepreciation": null,
            "ebit": "3637000000.00",
            "ebitda": "4585750000.00",
            "depreciationAndAmortization": "948750000.00",
            "nonOperatingIncomeNetOther": null,
            "operatingIncome": "4027000000.00",
            "otherOperatingExpenses": "11547000000.00",
            "interestExpense": "1005000000.00",
            "taxProvision": "666000000.00",
            "interestIncome": "29000000.00",
            "netInterestIncome": "-1223000000.00",
            "extraordinaryItems": null,
            "nonRecurring": null,
            "otherItems": null,
            "incomeTaxExpense": "666000000.00",
            "totalRevenue": "15574000000.00",
            "totalOperatingExpenses": "4367000000.00",
            "costOfRevenue": "7180000000.00",
            "totalOtherIncomeExpenseNet": "-1395000000.00",
            "discontinuedOperations": null,
            "netIncomeFromContinuingOps": "1966000000.00",
            "netIncomeApplicableToCommonShares": "1472000000.00",
            "preferredStockAndOtherAdjustments": null
        },
        "2023-06-30": {
            "date": "2023-06-30",
            "filing_date": "2023-06-30",
            "currency_symbol": "USD",
            "researchDevelopment": null,
            "effectOfAccountingCharges": null,
            "incomeBeforeTax": "1202000000.00",
            "minorityInterest": "-269000000.00",
            "netIncome": "339000000.00",
            "sellingGeneralAdministrative": "2350000000.00",
            "sellingAndMarketingExpenses": "6701000000.00",
            "grossProfit": "8101000000.00",
            "reconciledDepreciation": null,
            "ebit": "2249000000.00",
            "ebitda": "3143500000.00",
            "depreciationAndAmortization": "894500000.00",
            "nonOperatingIncomeNetOther": null,
            "operatingIncome": "3569000000.00",
            "otherOperatingExpenses": "11551000000.00",
            "interestExpense": "1047000000.00",
            "taxProvision": "595000000.00",
            "interestIncome": "272000000.00",
            "netInterestIncome": "-1283000000.00",
            "extraordinaryItems": null,
            "nonRecurring": null,
            "otherItems": null,
            "incomeTaxExpense": "595000000.00",
            "totalRevenue": "15120000000.00",
            "totalOperatingExpenses": "4532000000.00",
            "costOfRevenue": "7019000000.00",
            "totalOtherIncomeExpenseNet": "-2367000000.00",
            "discontinuedOperations": null,
            "netIncomeFromContinuingOps": "607000000.00",
            "netIncomeApplicableToCommonShares": "338000000.00",
            "preferredStockAndOtherAdjustments": null
        },
        "2023-03-31": {
            "date": "2023-03-31",
            "filing_date": "2023-03-31",
            "currency_symbol": "USD",
            "researchDevelopment": null,
            "effectOfAccountingCharges": null,
            "incomeBeforeTax": "2647000000.00",
            "minorityInterest": "-409000000.00",
            "netIncome": "1639000000.00",
            "sellingGeneralAdministrative": "4344000000.00",
            "sellingAndMarketingExpenses": null,
            "grossProfit": "7696000000.00",
            "reconciledDepreciation": null,
            "ebit": "3657000000.00",
            "ebitda": "4605750000.00",
            "depreciationAndAmortization": "948750000.00",
            "nonOperatingIncomeNetOther": null,
            "operatingIncome": "3503000000.00",
            "otherOperatingExpenses": "10710000000.00",
            "interestExpense": "1010000000.00",
            "taxProvision": "597000000.00",
            "interestIncome": "31000000.00",
            "netInterestIncome": "-1236000000.00",
            "extraordinaryItems": null,
            "nonRecurring": null,
            "otherItems": null,
            "incomeTaxExpense": "597000000.00",
            "totalRevenue": "14213000000.00",
            "totalOperatingExpenses": "4193000000.00",
            "costOfRevenue": "6517000000.00",
            "totalOtherIncomeExpenseNet": "-856000000.00",
            "discontinuedOperations": null,
            "netIncomeFromContinuingOps": "2048000000.00",
            "netIncomeApplicableToCommonShares": "338000000.00",
            "preferredStockAndOtherAdjustments": null
        },
        "2022-12-31": {
            "date": "2022-12-31",
            "filing_date": "2022-12-31",
            "currency_symbol": "USD",
            "researchDevelopment": "268000000.00",
            "effectOfAccountingCharges": null,
            "incomeBeforeTax": "3292000000.00",
            "minorityInterest": "-454000000.00",
            "netIncome": "2844000000.00",
            "sellingGeneralAdministrative": "4414000000.00",
            "sellingAndMarketingExpenses": "13141000000.00",
            "grossProfit": "8007000000.00",
            "reconciledDepreciation": null,
            "ebit": "3307000000.00",
            "ebitda": "4375250000.00",
            "depreciationAndAmortization": "1068250000.00",
            "nonOperatingIncomeNetOther": null,
            "operatingIncome": "3357000000.00",
            "otherOperatingExpenses": "11311000000.00",
            "interestExpense": "1034000000.00",
            "taxProvision": "-5000000.00",
            "interestIncome": "316000000.00",
            "netInterestIncome": "-672000000.00",
            "extraordinaryItems": null,
            "nonRecurring": null,
            "otherItems": null,
            "incomeTaxExpense": "-5000000.00",
            "totalRevenue": "14668000000.00",
            "totalOperatingExpenses": "4650000000.00",
            "costOfRevenue": "6661000000.00",
            "totalOtherIncomeExpenseNet": "-65000000.00",
            "discontinuedOperations": null,
            "netIncomeFromContinuingOps": "3297000000.00",
            "netIncomeApplicableToCommonShares": "2843000000.00",
            "preferredStockAndOtherAdjustments": null
        },
        "2022-09-30": {
            "date": "2022-09-30",
            "filing_date": "2022-09-30",
            "currency_symbol": "USD",
            "researchDevelopment": null,
            "effectOfAccountingCharges": null,
            "incomeBeforeTax": "2515000000.00",
            "minorityInterest": "-392000000.00",
            "netIncome": "1433000000.00",
            "sellingGeneralAdministrative": "4347000000.00",
            "sellingAndMarketingExpenses": null,
            "grossProfit": "8232000000.00",
            "reconciledDepreciation": null,
            "ebit": "3574000000.00",
            "ebitda": "4509750000.00",
            "depreciationAndAmortization": "935750000.00",
            "nonOperatingIncomeNetOther": null,
            "operatingIncome": "4055000000.00",
            "otherOperatingExpenses": "11036000000.00",
            "interestExpense": "1059000000.00",
            "taxProvision": "688000000.00",
            "interestIncome": "34000000.00",
            "netInterestIncome": "-1377000000.00",
            "extraordinaryItems": null,
            "nonRecurring": null,
            "otherItems": null,
            "incomeTaxExpense": "688000000.00",
            "totalRevenue": "15091000000.00",
            "totalOperatingExpenses": "4176000000.00",
            "costOfRevenue": "6860000000.00",
            "totalOtherIncomeExpenseNet": "-1540000000.00",
            "discontinuedOperations": null,
            "netIncomeFromContinuingOps": "1827000000.00",
            "netIncomeApplicableToCommonShares": "1433000000.00",
            "preferredStockAndOtherAdjustments": null
        },
        "2022-06-30": {
            "date": "2022-06-30",
            "filing_date": "2022-06-30",
            "currency_symbol": "USD",
            "researchDevelopment": null,
            "effectOfAccountingCharges": null,
            "incomeBeforeTax": "2696000000.00",
            "minorityInterest": "-378000000.00",
            "netIncome": "1597000000.00",
            "sellingGeneralAdministrative": "2237000000.00",
            "sellingAndMarketingExpenses": "6380000000.00",
            "grossProfit": "7997000000.00",
            "reconciledDepreciation": null,
            "ebit": "3738000000.00",
            "ebitda": "4976500000.00",
            "depreciationAndAmortization": "1238500000.00",
            "nonOperatingIncomeNetOther": null,
            "operatingIncome": "3811000000.00",
            "otherOperatingExpenses": "10982000000.00",
            "interestExpense": "1042000000.00",
            "taxProvision": "720000000.00",
            "interestIncome": "505000000.00",
            "netInterestIncome": "-1077000000.00",
            "extraordinaryItems": null,
            "nonRecurring": null,
            "otherItems": null,
            "incomeTaxExpense": "721000000.00",
            "totalRevenue": "14793000000.00",
            "totalOperatingExpenses": "4186000000.00",
            "costOfRevenue": "6796000000.00",
            "totalOtherIncomeExpenseNet": "-1115000000.00",
            "discontinuedOperations": null,
            "netIncomeFromContinuingOps": "1975000000.00",
            "netIncomeApplicableToCommonShares": "1597000000.00",
            "preferredStockAndOtherAdjustments": null
        },
        "2022-03-31": {
            "date": "2022-03-31",
            "filing_date": "2022-03-31",
            "currency_symbol": "USD",
            "researchDevelopment": null,
            "effectOfAccountingCharges": null,
            "incomeBeforeTax": "1023000000.00",
            "minorityInterest": "-404000000.00",
            "netIncome": "95000000.00",
            "sellingGeneralAdministrative": "4116000000.00",
            "sellingAndMarketingExpenses": null,
            "grossProfit": "7246000000.00",
            "reconciledDepreciation": null,
            "ebit": "3276000000.00",
            "ebitda": "4211750000.00",
            "depreciationAndAmortization": "935750000.00",
            "nonOperatingIncomeNetOther": null,
            "operatingIncome": "3294000000.00",
            "otherOperatingExpenses": "9941000000.00",
            "interestExpense": "1014000000.00",
            "taxProvision": "524000000.00",
            "interestIncome": "48000000.00",
            "netInterestIncome": "-1191000000.00",
            "extraordinaryItems": null,
            "nonRecurring": null,
            "otherItems": null,
            "incomeTaxExpense": "524000000.00",
            "totalRevenue": "13235000000.00",
            "totalOperatingExpenses": "3952000000.00",
            "costOfRevenue": "5989000000.00",
            "totalOtherIncomeExpenseNet": "-2271000000.00",
            "discontinuedOperations": null,
            "netIncomeFromContinuingOps": "499000000.00",
            "netIncomeApplicableToCommonShares": "95000000.00",
            "preferredStockAndOtherAdjustments": null
        },
        "2021-12-31": {
            "date": "2021-12-31",
            "filing_date": "2021-12-31",
            "currency_symbol": "USD",
            "researchDevelopment": "298000000.00",
            "effectOfAccountingCharges": null,
            "incomeBeforeTax": "2785000000.00",
            "minorityInterest": "-383000000.00",
            "netIncome": "1963000000.00",
            "sellingGeneralAdministrative": "4394000000.00",
            "sellingAndMarketingExpenses": "13181000000.00",
            "grossProfit": "8102000000.00",
            "reconciledDepreciation": null,
            "ebit": "3934000000.00",
            "ebitda": "4964000000.00",
            "depreciationAndAmortization": "1030000000.00",
            "nonOperatingIncomeNetOther": null,
            "operatingIncome": "3036000000.00",
            "otherOperatingExpenses": "11162000000.00",
            "interestExpense": "1149000000.00",
            "taxProvision": "440000000.00",
            "interestIncome": "329000000.00",
            "netInterestIncome": "-2423000000.00",
            "extraordinaryItems": null,
            "nonRecurring": null,
            "otherItems": null,
            "incomeTaxExpense": "440000000.00",
            "totalRevenue": "14198000000.00",
            "totalOperatingExpenses": "5066000000.00",
            "costOfRevenue": "6096000000.00",
            "totalOtherIncomeExpenseNet": "-251000000.00",
            "discontinuedOperations": null,
            "netIncomeFromContinuingOps": "2345000000.00",
            "netIncomeApplicableToCommonShares": "1962000000.00",
            "preferredStockAndOtherAdjustments": null
        },
        "2021-09-30": {
            "date": "2021-09-30",
            "filing_date": "2021-09-30",
            "currency_symbol": "USD",
            "researchDevelopment": null,
            "effectOfAccountingCharges": null,
            "incomeBeforeTax": "1374000000.00",
            "minorityInterest": "-444000000.00",
            "netIncome": "250000000.00",
            "sellingGeneralAdministrative": "4379000000.00",
            "sellingAndMarketingExpenses": null,
            "grossProfit": "8236000000.00",
            "reconciledDepreciation": null,
            "ebit": "2433000000.00",
            "ebitda": "3353500000.00",
            "depreciationAndAmortization": "920500000.00",
            "nonOperatingIncomeNetOther": null,
            "operatingIncome": "4020000000.00",
            "otherOperatingExpenses": "10254000000.00",
            "interestExpense": "1059000000.00",
            "taxProvision": "679000000.00",
            "interestIncome": "12000000.00",
            "netInterestIncome": "-1055000000.00",
            "extraordinaryItems": null,
            "nonRecurring": null,
            "otherItems": null,
            "incomeTaxExpense": "679000000.00",
            "totalRevenue": "14274000000.00",
            "totalOperatingExpenses": "4215000000.00",
            "costOfRevenue": "6039000000.00",
            "totalOtherIncomeExpenseNet": "-2646000000.00",
            "discontinuedOperations": null,
            "netIncomeFromContinuingOps": "693000000.00",
            "netIncomeApplicableToCommonShares": "250000000.00",
            "preferredStockAndOtherAdjustments": null
        },
        "2021-06-30": {
            "date": "2021-06-30",
            "filing_date": "2021-06-30",
            "currency_symbol": "USD",
            "researchDevelopment": null,
            "effectOfAccountingCharges": null,
            "incomeBeforeTax": "2884000000.00",
            "minorityInterest": "10965000000.00",
            "netIncome": "1863000000.00",
            "sellingGeneralAdministrative": "2247000000.00",
            "sellingAndMarketingExpenses": "6323000000.00",
            "grossProfit": "7819000000.00",
            "reconciledDepreciation": null,
            "ebit": "4011000000.00",
            "ebitda": "5194500000.00",
            "depreciationAndAmortization": "1183500000.00",
            "nonOperatingIncomeNetOther": null,
            "operatingIncome": "3438000000.00",
            "otherOperatingExpenses": "10101000000.00",
            "interestExpense": "1127000000.00",
            "taxProvision": "702000000.00",
            "interestIncome": null,
            "netInterestIncome": "-889000000.00",
            "extraordinaryItems": null,
            "nonRecurring": null,
            "otherItems": null,
            "incomeTaxExpense": "702000000.00",
            "totalRevenue": "13539000000.00",
            "totalOperatingExpenses": "4381000000.00",
            "costOfRevenue": "5720000000.00",
            "totalOtherIncomeExpenseNet": "-554000000.00",
            "discontinuedOperations": null,
            "netIncomeFromContinuingOps": "2182000000.00",
            "netIncomeApplicableToCommonShares": "1863000000.00",
            "preferredStockAndOtherAdjustments": null
        },
        "2021-03-31": {
            "date": "2021-03-31",
            "filing_date": "2021-03-31",
            "currency_symbol": "USD",
            "researchDevelopment": null,
            "effectOfAccountingCharges": null,
            "incomeBeforeTax": "1421000000.00",
            "minorityInterest": "10965000000.00",
            "netIncome": "595000000.00",
            "sellingGeneralAdministrative": "4060000000.00",
            "sellingAndMarketingExpenses": null,
            "grossProfit": "7050000000.00",
            "reconciledDepreciation": null,
            "ebit": "2476000000.00",
            "ebitda": "3396500000.00",
            "depreciationAndAmortization": "920500000.00",
            "nonOperatingIncomeNetOther": null,
            "operatingIncome": "3113000000.00",
            "otherOperatingExpenses": "9180000000.00",
            "interestExpense": "1055000000.00",
            "taxProvision": "529000000.00",
            "interestIncome": null,
            "netInterestIncome": "-1439000000.00",
            "extraordinaryItems": null,
            "nonRecurring": null,
            "otherItems": null,
            "incomeTaxExpense": "529000000.00",
            "totalRevenue": "12293000000.00",
            "totalOperatingExpenses": "3937000000.00",
            "costOfRevenue": "5243000000.00",
            "totalOtherIncomeExpenseNet": "-1692000000.00",
            "discontinuedOperations": null,
            "netIncomeFromContinuingOps": "892000000.00",
            "netIncomeApplicableToCommonShares": "595000000.00",
            "preferredStockAndOtherAdjustments": null
        },
        "2020-12-31": {
            "date": "2020-12-31",
            "filing_date": "2020-12-31",
            "currency_symbol": "USD",
            "researchDevelopment": "296000000.00",
            "effectOfAccountingCharges": null,
            "incomeBeforeTax": "3437000000.00",
            "minorityInterest": "10327000000.00",
            "netIncome": "2265000000.00",
            "sellingGeneralAdministrative": "3404000000.00",
            "sellingAndMarketingExpenses": "11965000000.00",
            "grossProfit": "7485000000.00",
            "reconciledDepreciation": null,
            "ebit": "4682000000.00",
            "ebitda": "5687000000.00",
            "depreciationAndAmortization": "1005000000.00",
            "nonOperatingIncomeNetOther": null,
            "operatingIncome": "764000000.00",
            "otherOperatingExpenses": "12003000000.00",
            "interestExpense": "1245000000.00",
            "taxProvision": "830000000.00",
            "interestIncome": "341000000.00",
            "netInterestIncome": "-959000000.00",
            "extraordinaryItems": null,
            "nonRecurring": null,
            "otherItems": null,
            "incomeTaxExpense": "830000000.00",
            "totalRevenue": "12767000000.00",
            "totalOperatingExpenses": "6721000000.00",
            "costOfRevenue": "5282000000.00",
            "totalOtherIncomeExpenseNet": "2673000000.00",
            "discontinuedOperations": null,
            "netIncomeFromContinuingOps": "2607000000.00",
            "netIncomeApplicableToCommonShares": "2265000000.00",
            "preferredStockAndOtherAdjustments": null
        },
        "2020-09-30": {
            "date": "2020-09-30",
            "filing_date": "2020-09-30",
            "currency_symbol": "USD",
            "researchDevelopment": null,
            "effectOfAccountingCharges": null,
            "incomeBeforeTax": "1894000000.00",
            "minorityInterest": "10327000000.00",
            "netIncome": "1040000000.00",
            "sellingGeneralAdministrative": "3942000000.00",
            "sellingAndMarketingExpenses": null,
            "grossProfit": "7561000000.00",
            "reconciledDepreciation": null,
            "ebit": "3069000000.00",
            "ebitda": "4016000000.00",
            "depreciationAndAmortization": "947000000.00",
            "nonOperatingIncomeNetOther": null,
            "operatingIncome": "3754000000.00",
            "otherOperatingExpenses": "9062000000.00",
            "interestExpense": "1175000000.00",
            "taxProvision": "610000000.00",
            "interestIncome": "1017000000.00",
            "netInterestIncome": "-1187000000.00",
            "extraordinaryItems": null,
            "nonRecurring": null,
            "otherItems": null,
            "incomeTaxExpense": "610000000.00",
            "totalRevenue": "12816000000.00",
            "totalOperatingExpenses": "3806000000.00",
            "costOfRevenue": "5256000000.00",
            "totalOtherIncomeExpenseNet": "-1860000000.00",
            "discontinuedOperations": null,
            "netIncomeFromContinuingOps": "1284000000.00",
            "netIncomeApplicableToCommonShares": "1039000000.00",
            "preferredStockAndOtherAdjustments": null
        },
        "2020-06-30": {
            "date": "2020-06-30",
            "filing_date": "2020-06-30",
            "currency_symbol": "USD",
            "researchDevelopment": null,
            "effectOfAccountingCharges": null,
            "incomeBeforeTax": "-1306000000.00",
            "minorityInterest": "8282000000.00",
            "netIncome": "349000000.00",
            "sellingGeneralAdministrative": "1578000000.00",
            "sellingAndMarketingExpenses": "5679000000.00",
            "grossProfit": "5770000000.00",
            "reconciledDepreciation": null,
            "ebit": "-51000000.00",
            "ebitda": "1028000000.00",
            "depreciationAndAmortization": "1079000000.00",
            "nonOperatingIncomeNetOther": null,
            "operatingIncome": "-499000000.00",
            "otherOperatingExpenses": "10794000000.00",
            "interestExpense": "1255000000.00",
            "taxProvision": "492000000.00",
            "interestIncome": "4298000000.00",
            "netInterestIncome": "-2357000000.00",
            "extraordinaryItems": "2055000000.00",
            "nonRecurring": null,
            "otherItems": null,
            "incomeTaxExpense": "174000000.00",
            "totalRevenue": "10295000000.00",
            "totalOperatingExpenses": "6270000000.00",
            "costOfRevenue": "4524000000.00",
            "totalOtherIncomeExpenseNet": "-807000000.00",
            "discontinuedOperations": "1930000000.00",
            "netIncomeFromContinuingOps": "-1479000000.00",
            "netIncomeApplicableToCommonShares": "350000000.00",
            "preferredStockAndOtherAdjustments": null
        },
        "2020-03-31": {
            "date": "2020-03-31",
            "filing_date": "2020-03-31",
            "currency_symbol": "USD",
            "researchDevelopment": null,
            "effectOfAccountingCharges": null,
            "incomeBeforeTax": "-1948000000.00",
            "minorityInterest": "8282000000.00",
            "netIncome": "-2250000000.00",
            "sellingGeneralAdministrative": "3721000000.00",
            "sellingAndMarketingExpenses": null,
            "grossProfit": "6431000000.00",
            "reconciledDepreciation": null,
            "ebit": "-874000000.00",
            "ebitda": "73000000.00",
            "depreciationAndAmortization": "947000000.00",
            "nonOperatingIncomeNetOther": null,
            "operatingIncome": "2805000000.00",
            "otherOperatingExpenses": "8198000000.00",
            "interestExpense": "1074000000.00",
            "taxProvision": "318000000.00",
            "interestIncome": "4297000000.00",
            "netInterestIncome": "-1305000000.00",
            "extraordinaryItems": "125000000.00",
            "nonRecurring": null,
            "otherItems": null,
            "incomeTaxExpense": "318000000.00",
            "totalRevenue": "11003000000.00",
            "totalOperatingExpenses": "3625000000.00",
            "costOfRevenue": "4573000000.00",
            "totalOtherIncomeExpenseNet": "-4753000000.00",
            "discontinuedOperations": "125000000.00",
            "netIncomeFromContinuingOps": "-2266000000.00",
            "netIncomeApplicableToCommonShares": "-2250000000.00",
            "preferredStockAndOtherAdjustments": null
        },
        "2019-12-31": {
            "date": "2019-12-31",
            "filing_date": "2019-12-31",
            "currency_symbol": "USD",
            "researchDevelopment": "291000000.00",
            "effectOfAccountingCharges": null,
            "incomeBeforeTax": "813000000.00",
            "minorityInterest": "8831000000.00",
            "netIncome": "113000000.00",
            "sellingGeneralAdministrative": "3548000000.00",
            "sellingAndMarketingExpenses": "12873000000.00",
            "grossProfit": "8065000000.00",
            "reconciledDepreciation": null,
            "ebit": "5377000000.00",
            "ebitda": "6404500000.00",
            "depreciationAndAmortization": "1027500000.00",
            "nonOperatingIncomeNetOther": null,
            "operatingIncome": "3963000000.00",
            "otherOperatingExpenses": "9372000000.00",
            "interestExpense": "2847000000.00",
            "taxProvision": "454000000.00",
            "interestIncome": "2041000000.00",
            "netInterestIncome": "-1673000000.00",
            "extraordinaryItems": "114000000.00",
            "nonRecurring": null,
            "otherItems": null,
            "incomeTaxExpense": "454000000.00",
            "totalRevenue": "13335000000.00",
            "totalOperatingExpenses": "4102000000.00",
            "costOfRevenue": "5270000000.00",
            "totalOtherIncomeExpenseNet": "-3150000000.00",
            "discontinuedOperations": "114000000.00",
            "netIncomeFromContinuingOps": "359000000.00",
            "netIncomeApplicableToCommonShares": "113000000.00",
            "preferredStockAndOtherAdjustments": null
        },
        "2019-09-30": {
            "date": "2019-09-30",
            "filing_date": "2019-09-30",
            "currency_symbol": "USD",
            "researchDevelopment": null,
            "effectOfAccountingCharges": null,
            "incomeBeforeTax": "3994000000.00",
            "minorityInterest": "8831000000.00",
            "netIncome": "3003000000.00",
            "sellingGeneralAdministrative": "4193000000.00",
            "sellingAndMarketingExpenses": null,
            "grossProfit": "8032000000.00",
            "reconciledDepreciation": null,
            "ebit": "5048000000.00",
            "ebitda": "6026500000.00",
            "depreciationAndAmortization": "978500000.00",
            "nonOperatingIncomeNetOther": null,
            "operatingIncome": "4114000000.00",
            "otherOperatingExpenses": "9058000000.00",
            "interestExpense": "1054000000.00",
            "taxProvision": "768000000.00",
            "interestIncome": "17000000.00",
            "netInterestIncome": "-677000000.00",
            "extraordinaryItems": "73000000.00",
            "nonRecurring": null,
            "otherItems": null,
            "incomeTaxExpense": "768000000.00",
            "totalRevenue": "13172000000.00",
            "totalOperatingExpenses": "3918000000.00",
            "costOfRevenue": "5140000000.00",
            "totalOtherIncomeExpenseNet": "-120000000.00",
            "discontinuedOperations": "73000000.00",
            "netIncomeFromContinuingOps": "3226000000.00",
            "netIncomeApplicableToCommonShares": "3003000000.00",
            "preferredStockAndOtherAdjustments": null
        },
        "2019-06-30": {
            "date": "2019-06-30",
            "filing_date": "2019-06-30",
            "currency_symbol": "USD",
            "researchDevelopment": null,
            "effectOfAccountingCharges": null,
            "incomeBeforeTax": "3539000000.00",
            "minorityInterest": "7898000000.00",
            "netIncome": "2484000000.00",
            "sellingGeneralAdministrative": "4222000000.00",
            "sellingAndMarketingExpenses": null,
            "grossProfit": "8422000000.00",
            "reconciledDepreciation": null,
            "ebit": "4680000000.00",
            "ebitda": "5716500000.00",
            "depreciationAndAmortization": "1036500000.00",
            "nonOperatingIncomeNetOther": null,
            "operatingIncome": "4513000000.00",
            "otherOperatingExpenses": "9086000000.00",
            "interestExpense": "1141000000.00",
            "taxProvision": "943000000.00",
            "interestIncome": null,
            "netInterestIncome": "32000000.00",
            "extraordinaryItems": null,
            "nonRecurring": null,
            "otherItems": null,
            "incomeTaxExpense": "894000000.00",
            "totalRevenue": "13599000000.00",
            "totalOperatingExpenses": "3910000000.00",
            "costOfRevenue": "5176000000.00",
            "totalOtherIncomeExpenseNet": "-974000000.00",
            "discontinuedOperations": "73000000.00",
            "netIncomeFromContinuingOps": "2760000000.00",
            "netIncomeApplicableToCommonShares": "2484000000.00",
            "preferredStockAndOtherAdjustments": null
        },
        "2019-03-31": {
            "date": "2019-03-31",
            "filing_date": "2019-03-31",
            "currency_symbol": "USD",
            "researchDevelopment": null,
            "effectOfAccountingCharges": null,
            "incomeBeforeTax": "4431000000.00",
            "minorityInterest": "7898000000.00",
            "netIncome": "3570000000.00",
            "sellingGeneralAdministrative": "4036000000.00",
            "sellingAndMarketingExpenses": null,
            "grossProfit": "7447000000.00",
            "reconciledDepreciation": null,
            "ebit": "5572000000.00",
            "ebitda": "6550500000.00",
            "depreciationAndAmortization": "978500000.00",
            "nonOperatingIncomeNetOther": null,
            "operatingIncome": "3668000000.00",
            "otherOperatingExpenses": "8556000000.00",
            "interestExpense": "1141000000.00",
            "taxProvision": "723000000.00",
            "interestIncome": null,
            "netInterestIncome": "-1170000000.00",
            "extraordinaryItems": null,
            "nonRecurring": null,
            "otherItems": null,
            "incomeTaxExpense": "671000000.00",
            "totalRevenue": "12224000000.00",
            "totalOperatingExpenses": "3779000000.00",
            "costOfRevenue": "4777000000.00",
            "totalOtherIncomeExpenseNet": "763000000.00",
            "discontinuedOperations": "73000000.00",
            "netIncomeFromContinuingOps": "3882000000.00",
            "netIncomeApplicableToCommonShares": "3571000000.00",
            "preferredStockAndOtherAdjustments": null
        },
        "2018-12-31": {
            "date": "2018-12-31",
            "filing_date": "2018-12-31",
            "currency_symbol": "USD",
            "researchDevelopment": null,
            "effectOfAccountingCharges": null,
            "incomeBeforeTax": "1595000000.00",
            "minorityInterest": "7418000000.00",
            "netIncome": "457000000.00",
            "sellingGeneralAdministrative": "4177000000.00",
            "sellingAndMarketingExpenses": null,
            "grossProfit": "9056000000.00",
            "reconciledDepreciation": null,
            "ebit": "3000000000.00",
            "ebitda": "2059000000.00",
            "depreciationAndAmortization": "-941000000.00",
            "nonOperatingIncomeNetOther": null,
            "operatingIncome": "4354000000.00",
            "otherOperatingExpenses": "9896000000.00",
            "interestExpense": "1405000000.00",
            "taxProvision": null,
            "interestIncome": null,
            "netInterestIncome": null,
            "extraordinaryItems": null,
            "nonRecurring": null,
            "otherItems": null,
            "incomeTaxExpense": "754000000.00",
            "totalRevenue": "14250000000.00",
            "totalOperatingExpenses": "4703000000.00",
            "costOfRevenue": "5193000000.00",
            "totalOtherIncomeExpenseNet": "-2759000000.00",
            "discontinuedOperations": "73000000.00",
            "netIncomeFromContinuingOps": "841000000.00",
            "netIncomeApplicableToCommonShares": "457000000.00",
            "preferredStockAndOtherAdjustments": null
        },
        "2018-09-30": {
            "date": "2018-09-30",
            "filing_date": "2018-09-30",
            "currency_symbol": "USD",
            "researchDevelopment": null,
            "effectOfAccountingCharges": null,
            "incomeBeforeTax": "1763000000.00",
            "minorityInterest": "7418000000.00",
            "netIncome": "959000000.00",
            "sellingGeneralAdministrative": "4196000000.00",
            "sellingAndMarketingExpenses": null,
            "grossProfit": "8055000000.00",
            "reconciledDepreciation": null,
            "ebit": "2810000000.00",
            "ebitda": "2699000000.00",
            "depreciationAndAmortization": "-111000000.00",
            "nonOperatingIncomeNetOther": null,
            "operatingIncome": "4175000000.00",
            "otherOperatingExpenses": "8741000000.00",
            "interestExpense": "1047000000.00",
            "taxProvision": null,
            "interestIncome": null,
            "netInterestIncome": null,
            "extraordinaryItems": null,
            "nonRecurring": null,
            "otherItems": null,
            "incomeTaxExpense": "605000000.00",
            "totalRevenue": "12916000000.00",
            "totalOperatingExpenses": "3880000000.00",
            "costOfRevenue": "4861000000.00",
            "totalOtherIncomeExpenseNet": "-2412000000.00",
            "discontinuedOperations": null,
            "netIncomeFromContinuingOps": "1255000000.00",
            "netIncomeApplicableToCommonShares": "956000000.00",
            "preferredStockAndOtherAdjustments": null
        },
        "2018-06-30": {
            "date": "2018-06-30",
            "filing_date": "2018-06-30",
            "currency_symbol": "USD",
            "researchDevelopment": null,
            "effectOfAccountingCharges": null,
            "incomeBeforeTax": "3009000000.00",
            "minorityInterest": "7054000000.00",
            "netIncome": "1935000000.00",
            "sellingGeneralAdministrative": "1799000000.00",
            "sellingAndMarketingExpenses": "7040000000.00",
            "grossProfit": "8818000000.00",
            "reconciledDepreciation": null,
            "ebit": "4270000000.00",
            "ebitda": "5630000000.00",
            "depreciationAndAmortization": "1360000000.00",
            "nonOperatingIncomeNetOther": null,
            "operatingIncome": "4313000000.00",
            "otherOperatingExpenses": "9701000000.00",
            "interestExpense": "1261000000.00",
            "taxProvision": null,
            "interestIncome": null,
            "netInterestIncome": null,
            "extraordinaryItems": null,
            "nonRecurring": null,
            "otherItems": null,
            "incomeTaxExpense": "763000000.00",
            "totalRevenue": "14014000000.00",
            "totalOperatingExpenses": "4505000000.00",
            "costOfRevenue": "5196000000.00",
            "totalOtherIncomeExpenseNet": "-1304000000.00",
            "discontinuedOperations": null,
            "netIncomeFromContinuingOps": "2248000000.00",
            "netIncomeApplicableToCommonShares": "1937000000.00",
            "preferredStockAndOtherAdjustments": null
        },
        "2018-03-31": {
            "date": "2018-03-31",
            "filing_date": "2018-03-31",
            "currency_symbol": "USD",
            "researchDevelopment": null,
            "effectOfAccountingCharges": null,
            "incomeBeforeTax": "2013000000.00",
            "minorityInterest": "329000000.00",
            "netIncome": "1020000000.00",
            "sellingGeneralAdministrative": "4322000000.00",
            "sellingAndMarketingExpenses": null,
            "grossProfit": "8094000000.00",
            "reconciledDepreciation": null,
            "ebit": "3117000000.00",
            "ebitda": "2142000000.00",
            "depreciationAndAmortization": "-975000000.00",
            "nonOperatingIncomeNetOther": null,
            "operatingIncome": "3862000000.00",
            "otherOperatingExpenses": "9233000000.00",
            "interestExpense": "1104000000.00",
            "taxProvision": null,
            "interestIncome": null,
            "netInterestIncome": null,
            "extraordinaryItems": null,
            "nonRecurring": null,
            "otherItems": null,
            "incomeTaxExpense": "666000000.00",
            "totalRevenue": "13095000000.00",
            "totalOperatingExpenses": "4231000000.00",
            "costOfRevenue": "5002000000.00",
            "totalOtherIncomeExpenseNet": "-1849000000.00",
            "discontinuedOperations": null,
            "netIncomeFromContinuingOps": "1347000000.00",
            "netIncomeApplicableToCommonShares": "1018000000.00",
            "preferredStockAndOtherAdjustments": null
        },
        "2017-12-31": {
            "date": "2017-12-31",
            "filing_date": "2017-12-31",
            "currency_symbol": "USD",
            "researchDevelopment": "276000000.00",
            "effectOfAccountingCharges": null,
            "incomeBeforeTax": "2872000000.00",
            "minorityInterest": "405000000.00",
            "netIncome": "3033000000.00",
            "sellingGeneralAdministrative": "3841000000.00",
            "sellingAndMarketingExpenses": "14258000000.00",
            "grossProfit": "9434000000.00",
            "reconciledDepreciation": null,
            "ebit": "4289000000.00",
            "ebitda": "4835000000.00",
            "depreciationAndAmortization": "546000000.00",
            "nonOperatingIncomeNetOther": null,
            "operatingIncome": "4616000000.00",
            "otherOperatingExpenses": "14600000000.00",
            "interestExpense": "1417000000.00",
            "taxProvision": null,
            "interestIncome": null,
            "netInterestIncome": null,
            "extraordinaryItems": null,
            "nonRecurring": null,
            "otherItems": null,
            "incomeTaxExpense": "-567000000.00",
            "totalRevenue": "14600000000.00",
            "totalOperatingExpenses": "9434000000.00",
            "costOfRevenue": "5166000000.00",
            "totalOtherIncomeExpenseNet": "-1744000000.00",
            "discontinuedOperations": null,
            "netIncomeFromContinuingOps": "3438000000.00",
            "netIncomeApplicableToCommonShares": "3033000000.00",
            "preferredStockAndOtherAdjustments": null
        },
        "2017-09-30": {
            "date": "2017-09-30",
            "filing_date": "2017-09-30",
            "currency_symbol": "USD",
            "researchDevelopment": null,
            "effectOfAccountingCharges": null,
            "incomeBeforeTax": "3638000000.00",
            "minorityInterest": "89000000.00",
            "netIncome": "2055000000.00",
            "sellingGeneralAdministrative": "4679000000.00",
            "sellingAndMarketingExpenses": null,
            "grossProfit": "9194000000.00",
            "reconciledDepreciation": null,
            "ebit": "4813000000.00",
            "ebitda": "4896000000.00",
            "depreciationAndAmortization": "83000000.00",
            "nonOperatingIncomeNetOther": null,
            "operatingIncome": "4681000000.00",
            "otherOperatingExpenses": "10059000000.00",
            "interestExpense": "1175000000.00",
            "taxProvision": null,
            "interestIncome": null,
            "netInterestIncome": null,
            "extraordinaryItems": null,
            "nonRecurring": null,
            "otherItems": null,
            "incomeTaxExpense": "1494000000.00",
            "totalRevenue": "14740000000.00",
            "totalOperatingExpenses": "4513000000.00",
            "costOfRevenue": "5546000000.00",
            "totalOtherIncomeExpenseNet": "-1043000000.00",
            "discontinuedOperations": null,
            "netIncomeFromContinuingOps": "2144000000.00",
            "netIncomeApplicableToCommonShares": "2055000000.00",
            "preferredStockAndOtherAdjustments": null
        },
        "2017-06-30": {
            "date": "2017-06-30",
            "filing_date": "2017-06-30",
            "currency_symbol": "USD",
            "researchDevelopment": null,
            "effectOfAccountingCharges": null,
            "incomeBeforeTax": "2404000000.00",
            "minorityInterest": "326000000.00",
            "netIncome": "1503000000.00",
            "sellingGeneralAdministrative": "1857000000.00",
            "sellingAndMarketingExpenses": "6922000000.00",
            "grossProfit": "8737000000.00",
            "reconciledDepreciation": null,
            "ebit": "3651000000.00",
            "ebitda": "4041000000.00",
            "depreciationAndAmortization": "390000000.00",
            "nonOperatingIncomeNetOther": null,
            "operatingIncome": "4052000000.00",
            "otherOperatingExpenses": "10130000000.00",
            "interestExpense": "1247000000.00",
            "taxProvision": null,
            "interestIncome": null,
            "netInterestIncome": null,
            "extraordinaryItems": null,
            "nonRecurring": null,
            "otherItems": null,
            "incomeTaxExpense": "576000000.00",
            "totalRevenue": "14182000000.00",
            "totalOperatingExpenses": "4685000000.00",
            "costOfRevenue": "5445000000.00",
            "totalOtherIncomeExpenseNet": "-1648000000.00",
            "discontinuedOperations": null,
            "netIncomeFromContinuingOps": "1829000000.00",
            "netIncomeApplicableToCommonShares": "1503000000.00",
            "preferredStockAndOtherAdjustments": null
        },
        "2017-03-31": {
            "date": "2017-03-31",
            "filing_date": "2017-03-31",
            "currency_symbol": "USD",
            "researchDevelopment": null,
            "effectOfAccountingCharges": null,
            "incomeBeforeTax": "2162000000.00",
            "minorityInterest": "366000000.00",
            "netIncome": "1406000000.00",
            "sellingGeneralAdministrative": "4186000000.00",
            "sellingAndMarketingExpenses": null,
            "grossProfit": "7693000000.00",
            "reconciledDepreciation": null,
            "ebit": "3721000000.00",
            "ebitda": "3444000000.00",
            "depreciationAndAmortization": "-1519000000.00",
            "nonOperatingIncomeNetOther": null,
            "operatingIncome": "3721000000.00",
            "otherOperatingExpenses": "9201000000.00",
            "interestExpense": "1282000000.00",
            "taxProvision": null,
            "interestIncome": null,
            "netInterestIncome": null,
            "extraordinaryItems": "28000000.00",
            "nonRecurring": null,
            "otherItems": null,
            "incomeTaxExpense": "418000000.00",
            "totalRevenue": "12922000000.00",
            "totalOperatingExpenses": "3972000000.00",
            "costOfRevenue": "5229000000.00",
            "totalOtherIncomeExpenseNet": "-1559000000.00",
            "discontinuedOperations": "28000000.00",
            "netIncomeFromContinuingOps": "1743000000.00",
            "netIncomeApplicableToCommonShares": "1405000000.00",
            "preferredStockAndOtherAdjustments": null
        },
        "2016-12-31": {
            "date": "2016-12-31",
            "filing_date": "2016-12-31",
            "currency_symbol": "USD",
            "researchDevelopment": null,
            "effectOfAccountingCharges": null,
            "incomeBeforeTax": "1494000000.00",
            "minorityInterest": "589000000.00",
            "netIncome": "399000000.00",
            "sellingGeneralAdministrative": "1107000000.00",
            "sellingAndMarketingExpenses": "3704000000.00",
            "grossProfit": "8795000000.00",
            "reconciledDepreciation": null,
            "ebit": "3418000000.00",
            "ebitda": "1422000000.00",
            "depreciationAndAmortization": "-1996000000.00",
            "nonOperatingIncomeNetOther": null,
            "operatingIncome": "3753000000.00",
            "otherOperatingExpenses": "10449000000.00",
            "interestExpense": "1924000000.00",
            "taxProvision": null,
            "interestIncome": null,
            "netInterestIncome": null,
            "extraordinaryItems": "48000000.00",
            "nonRecurring": null,
            "otherItems": null,
            "incomeTaxExpense": "554000000.00",
            "totalRevenue": "14202000000.00",
            "totalOperatingExpenses": "5041000000.00",
            "costOfRevenue": "5408000000.00",
            "totalOtherIncomeExpenseNet": "-2259000000.00",
            "discontinuedOperations": "28000000.00",
            "netIncomeFromContinuingOps": "1743000000.00",
            "netIncomeApplicableToCommonShares": "1405000000.00",
            "preferredStockAndOtherAdjustments": null
        },
        "2016-09-30": {
            "date": "2016-09-30",
            "filing_date": "2016-09-30",
            "currency_symbol": "USD",
            "researchDevelopment": null,
            "effectOfAccountingCharges": null,
            "incomeBeforeTax": "1175000000.00",
            "minorityInterest": "394000000.00",
            "netIncome": "557000000.00",
            "sellingGeneralAdministrative": "597000000.00",
            "sellingAndMarketingExpenses": "3052000000.00",
            "grossProfit": "6716000000.00",
            "reconciledDepreciation": null,
            "ebit": "2223000000.00",
            "ebitda": "2003000000.00",
            "depreciationAndAmortization": "-220000000.00",
            "nonOperatingIncomeNetOther": null,
            "operatingIncome": "3214000000.00",
            "otherOperatingExpenses": "7895000000.00",
            "interestExpense": "1048000000.00",
            "taxProvision": null,
            "interestIncome": null,
            "netInterestIncome": null,
            "extraordinaryItems": null,
            "nonRecurring": null,
            "otherItems": null,
            "incomeTaxExpense": "225000000.00",
            "totalRevenue": "11109000000.00",
            "totalOperatingExpenses": "3502000000.00",
            "costOfRevenue": "4393000000.00",
            "totalOtherIncomeExpenseNet": "-2039000000.00",
            "discontinuedOperations": null,
            "netIncomeFromContinuingOps": null,
            "netIncomeApplicableToCommonShares": null,
            "preferredStockAndOtherAdjustments": null
        },
        "2016-06-30": {
            "date": "2016-06-30",
            "filing_date": "2016-06-30",
            "currency_symbol": "USD",
            "researchDevelopment": null,
            "effectOfAccountingCharges": null,
            "incomeBeforeTax": "908000000.00",
            "minorityInterest": "257000000.00",
            "netIncome": "154000000.00",
            "sellingGeneralAdministrative": "624000000.00",
            "sellingAndMarketingExpenses": "2995000000.00",
            "grossProfit": "6582000000.00",
            "reconciledDepreciation": null,
            "ebit": "2180000000.00",
            "ebitda": "820000000.00",
            "depreciationAndAmortization": "-1360000000.00",
            "nonOperatingIncomeNetOther": null,
            "operatingIncome": "3116000000.00",
            "otherOperatingExpenses": "7690000000.00",
            "interestExpense": "1272000000.00",
            "taxProvision": null,
            "interestIncome": null,
            "netInterestIncome": null,
            "extraordinaryItems": null,
            "nonRecurring": null,
            "otherItems": null,
            "incomeTaxExpense": "497000000.00",
            "totalRevenue": "10806000000.00",
            "totalOperatingExpenses": "3466000000.00",
            "costOfRevenue": "4224000000.00",
            "totalOtherIncomeExpenseNet": "-2208000000.00",
            "discontinuedOperations": null,
            "netIncomeFromContinuingOps": null,
            "netIncomeApplicableToCommonShares": null,
            "preferredStockAndOtherAdjustments": null
        },
        "2016-03-31": {
            "date": "2016-03-31",
            "filing_date": "2016-03-31",
            "currency_symbol": "USD",
            "researchDevelopment": null,
            "effectOfAccountingCharges": null,
            "incomeBeforeTax": "757000000.00",
            "minorityInterest": "287000000.00",
            "netIncome": "132000000.00",
            "sellingGeneralAdministrative": "555000000.00",
            "sellingAndMarketingExpenses": "2537000000.00",
            "grossProfit": "5622000000.00",
            "reconciledDepreciation": null,
            "ebit": "2659000000.00",
            "ebitda": "1610000000.00",
            "depreciationAndAmortization": "-458000000.00",
            "nonOperatingIncomeNetOther": null,
            "operatingIncome": "2693000000.00",
            "otherOperatingExpenses": "6707000000.00",
            "interestExpense": "853000000.00",
            "taxProvision": null,
            "interestIncome": null,
            "netInterestIncome": null,
            "extraordinaryItems": null,
            "nonRecurring": null,
            "otherItems": null,
            "incomeTaxExpense": "338000000.00",
            "totalRevenue": "9400000000.00",
            "totalOperatingExpenses": "2929000000.00",
            "costOfRevenue": "3778000000.00",
            "totalOtherIncomeExpenseNet": "-1936000000.00",
            "discontinuedOperations": null,
            "netIncomeFromContinuingOps": null,
            "netIncomeApplicableToCommonShares": null,
            "preferredStockAndOtherAdjustments": null
        },
        "2015-12-31": {
            "date": "2015-12-31",
            "filing_date": "2015-12-31",
            "currency_symbol": "USD",
            "researchDevelopment": "207000000.00",
            "effectOfAccountingCharges": null,
            "incomeBeforeTax": "3408000000.00",
            "minorityInterest": "446000000.00",
            "netIncome": "2288000000.00",
            "sellingGeneralAdministrative": "682000000.00",
            "sellingAndMarketingExpenses": "2792000000.00",
            "grossProfit": "6692000000.00",
            "reconciledDepreciation": null,
            "ebit": "4227000000.00",
            "ebitda": "4149000000.00",
            "depreciationAndAmortization": "-78000000.00",
            "nonOperatingIncomeNetOther": null,
            "operatingIncome": "3155000000.00",
            "otherOperatingExpenses": "10723000000.00",
            "interestExpense": "819000000.00",
            "taxProvision": null,
            "interestIncome": null,
            "netInterestIncome": null,
            "extraordinaryItems": null,
            "nonRecurring": null,
            "otherItems": null,
            "incomeTaxExpense": "674000000.00",
            "totalRevenue": "10723000000.00",
            "totalOperatingExpenses": "6692000000.00",
            "costOfRevenue": "4031000000.00",
            "totalOtherIncomeExpenseNet": "253000000.00",
            "discontinuedOperations": null,
            "netIncomeFromContinuingOps": null,
            "netIncomeApplicableToCommonShares": null,
            "preferredStockAndOtherAdjustments": null
        },
        "2015-09-30": {
            "date": "2015-09-30",
            "filing_date": "2015-09-30",
            "currency_symbol": "USD",
            "researchDevelopment": null,
            "effectOfAccountingCharges": null,
            "incomeBeforeTax": "2567000000.00",
            "minorityInterest": "397000000.00",
            "netIncome": "1375000000.00",
            "sellingGeneralAdministrative": "615000000.00",
            "sellingAndMarketingExpenses": "2912000000.00",
            "grossProfit": "6932000000.00",
            "reconciledDepreciation": null,
            "ebit": "3028000000.00",
            "ebitda": "2683000000.00",
            "depreciationAndAmortization": "-345000000.00",
            "nonOperatingIncomeNetOther": null,
            "operatingIncome": "3634000000.00",
            "otherOperatingExpenses": "7742000000.00",
            "interestExpense": "461000000.00",
            "taxProvision": null,
            "interestIncome": null,
            "netInterestIncome": null,
            "extraordinaryItems": null,
            "nonRecurring": null,
            "otherItems": null,
            "incomeTaxExpense": "795000000.00",
            "totalRevenue": "11376000000.00",
            "totalOperatingExpenses": "3298000000.00",
            "costOfRevenue": "4444000000.00",
            "totalOtherIncomeExpenseNet": "-1067000000.00",
            "discontinuedOperations": null,
            "netIncomeFromContinuingOps": null,
            "netIncomeApplicableToCommonShares": null,
            "preferredStockAndOtherAdjustments": null
        },
        "2015-06-30": {
            "date": "2015-06-30",
            "filing_date": "2015-06-30",
            "currency_symbol": "USD",
            "researchDevelopment": null,
            "effectOfAccountingCharges": null,
            "incomeBeforeTax": "2795000000.00",
            "minorityInterest": "334000000.00",
            "netIncome": "1929000000.00",
            "sellingGeneralAdministrative": "618000000.00",
            "sellingAndMarketingExpenses": "2823000000.00",
            "grossProfit": "6590000000.00",
            "reconciledDepreciation": null,
            "ebit": "3425000000.00",
            "ebitda": "3241000000.00",
            "depreciationAndAmortization": "-184000000.00",
            "nonOperatingIncomeNetOther": null,
            "operatingIncome": "3393000000.00",
            "otherOperatingExpenses": "7659000000.00",
            "interestExpense": "630000000.00",
            "taxProvision": null,
            "interestIncome": null,
            "netInterestIncome": null,
            "extraordinaryItems": null,
            "nonRecurring": null,
            "otherItems": null,
            "incomeTaxExpense": "532000000.00",
            "totalRevenue": "11052000000.00",
            "totalOperatingExpenses": "3197000000.00",
            "costOfRevenue": "4462000000.00",
            "totalOtherIncomeExpenseNet": "-598000000.00",
            "discontinuedOperations": null,
            "netIncomeFromContinuingOps": null,
            "netIncomeApplicableToCommonShares": null,
            "preferredStockAndOtherAdjustments": null
        },
        "2015-03-31": {
            "date": "2015-03-31",
            "filing_date": "2015-03-31",
            "currency_symbol": "USD",
            "researchDevelopment": null,
            "effectOfAccountingCharges": null,
            "incomeBeforeTax": "3690000000.00",
            "minorityInterest": "417000000.00",
            "netIncome": "2680000000.00",
            "sellingGeneralAdministrative": "645000000.00",
            "sellingAndMarketingExpenses": "2645000000.00",
            "grossProfit": "6253000000.00",
            "reconciledDepreciation": null,
            "ebit": "4204000000.00",
            "ebitda": "4810000000.00",
            "depreciationAndAmortization": "606000000.00",
            "nonOperatingIncomeNetOther": null,
            "operatingIncome": "3204000000.00",
            "otherOperatingExpenses": "7249000000.00",
            "interestExpense": "514000000.00",
            "taxProvision": null,
            "interestIncome": null,
            "netInterestIncome": null,
            "extraordinaryItems": null,
            "nonRecurring": null,
            "otherItems": null,
            "incomeTaxExpense": "593000000.00",
            "totalRevenue": "10453000000.00",
            "totalOperatingExpenses": "3049000000.00",
            "costOfRevenue": "4200000000.00",
            "totalOtherIncomeExpenseNet": "486000000.00",
            "discontinuedOperations": null,
            "netIncomeFromContinuingOps": null,
            "netIncomeApplicableToCommonShares": null,
            "preferredStockAndOtherAdjustments": null
        },
        "2014-12-31": {
            "date": "2014-12-31",
            "filing_date": "2014-12-31",
            "currency_symbol": "USD",
            "researchDevelopment": "217000000.00",
            "effectOfAccountingCharges": null,
            "incomeBeforeTax": "4025000000.00",
            "minorityInterest": "749000000.00",
            "netIncome": "2527000000.00",
            "sellingGeneralAdministrative": "781000000.00",
            "sellingAndMarketingExpenses": "2755000000.00",
            "grossProfit": "7382000000.00",
            "reconciledDepreciation": null,
            "ebit": "4890000000.00",
            "ebitda": "5486000000.00",
            "depreciationAndAmortization": "596000000.00",
            "nonOperatingIncomeNetOther": null,
            "operatingIncome": "3620000000.00",
            "otherOperatingExpenses": "12018000000.00",
            "interestExpense": "865000000.00",
            "taxProvision": null,
            "interestIncome": null,
            "netInterestIncome": null,
            "extraordinaryItems": null,
            "nonRecurring": null,
            "otherItems": null,
            "incomeTaxExpense": "749000000.00",
            "totalRevenue": "12018000000.00",
            "totalOperatingExpenses": "7382000000.00",
            "costOfRevenue": "4636000000.00",
            "totalOtherIncomeExpenseNet": "405000000.00",
            "discontinuedOperations": null,
            "netIncomeFromContinuingOps": null,
            "netIncomeApplicableToCommonShares": null,
            "preferredStockAndOtherAdjustments": null
        },
        "2014-09-30": {
            "date": "2014-09-30",
            "filing_date": "2014-09-30",
            "currency_symbol": "USD",
            "researchDevelopment": null,
            "effectOfAccountingCharges": null,
            "incomeBeforeTax": "3700000000.00",
            "minorityInterest": "517000000.00",
            "netIncome": "2499000000.00",
            "sellingGeneralAdministrative": "651000000.00",
            "sellingAndMarketingExpenses": "3008000000.00",
            "grossProfit": "7273000000.00",
            "reconciledDepreciation": null,
            "ebit": "4193000000.00",
            "ebitda": "4322000000.00",
            "depreciationAndAmortization": "129000000.00",
            "nonOperatingIncomeNetOther": null,
            "operatingIncome": "3895000000.00",
            "otherOperatingExpenses": "12239000000.00",
            "interestExpense": "493000000.00",
            "taxProvision": null,
            "interestIncome": null,
            "netInterestIncome": null,
            "extraordinaryItems": null,
            "nonRecurring": null,
            "otherItems": null,
            "incomeTaxExpense": "684000000.00",
            "totalRevenue": "12239000000.00",
            "totalOperatingExpenses": "7273000000.00",
            "costOfRevenue": "4966000000.00",
            "totalOtherIncomeExpenseNet": "-195000000.00",
            "discontinuedOperations": null,
            "netIncomeFromContinuingOps": null,
            "netIncomeApplicableToCommonShares": null,
            "preferredStockAndOtherAdjustments": null
        },
        "2014-06-30": {
            "date": "2014-06-30",
            "filing_date": "2014-06-30",
            "currency_symbol": "USD",
            "researchDevelopment": null,
            "effectOfAccountingCharges": null,
            "incomeBeforeTax": "3858000000.00",
            "minorityInterest": "393000000.00",
            "netIncome": "2818000000.00",
            "sellingGeneralAdministrative": "670000000.00",
            "sellingAndMarketingExpenses": "3126000000.00",
            "grossProfit": "7334000000.00",
            "reconciledDepreciation": null,
            "ebit": "4556000000.00",
            "ebitda": "5303000000.00",
            "depreciationAndAmortization": "747000000.00",
            "nonOperatingIncomeNetOther": null,
            "operatingIncome": "3968000000.00",
            "otherOperatingExpenses": "8233000000.00",
            "interestExpense": "698000000.00",
            "taxProvision": null,
            "interestIncome": null,
            "netInterestIncome": null,
            "extraordinaryItems": null,
            "nonRecurring": null,
            "otherItems": null,
            "incomeTaxExpense": "647000000.00",
            "totalRevenue": "12201000000.00",
            "totalOperatingExpenses": "3366000000.00",
            "costOfRevenue": "4867000000.00",
            "totalOtherIncomeExpenseNet": "-110000000.00",
            "discontinuedOperations": null,
            "netIncomeFromContinuingOps": null,
            "netIncomeApplicableToCommonShares": null,
            "preferredStockAndOtherAdjustments": null
        },
        "2014-03-31": {
            "date": "2014-03-31",
            "filing_date": "2014-03-31",
            "currency_symbol": "USD",
            "researchDevelopment": null,
            "effectOfAccountingCharges": null,
            "incomeBeforeTax": "2218000000.00",
            "minorityInterest": "427000000.00",
            "netIncome": "1372000000.00",
            "sellingGeneralAdministrative": "689000000.00",
            "sellingAndMarketingExpenses": "2705000000.00",
            "grossProfit": "6318000000.00",
            "reconciledDepreciation": null,
            "ebit": "2764000000.00",
            "ebitda": "2472000000.00",
            "depreciationAndAmortization": "-292000000.00",
            "nonOperatingIncomeNetOther": null,
            "operatingIncome": "3127000000.00",
            "otherOperatingExpenses": "7478000000.00",
            "interestExpense": "546000000.00",
            "taxProvision": null,
            "interestIncome": null,
            "netInterestIncome": null,
            "extraordinaryItems": null,
            "nonRecurring": null,
            "otherItems": null,
            "incomeTaxExpense": "419000000.00",
            "totalRevenue": "10605000000.00",
            "totalOperatingExpenses": "3191000000.00",
            "costOfRevenue": "4287000000.00",
            "totalOtherIncomeExpenseNet": "-909000000.00",
            "discontinuedOperations": null,
            "netIncomeFromContinuingOps": null,
            "netIncomeApplicableToCommonShares": null,
            "preferredStockAndOtherAdjustments": null
        },
        "2013-12-31": {
            "date": "2013-12-31",
            "filing_date": "2013-12-31",
            "currency_symbol": "USD",
            "researchDevelopment": "185000000.00",
            "effectOfAccountingCharges": null,
            "incomeBeforeTax": "3821000000.00",
            "minorityInterest": "834000000.00",
            "netIncome": "2519000000.00",
            "sellingGeneralAdministrative": "802000000.00",
            "sellingAndMarketingExpenses": "2524000000.00",
            "grossProfit": "7229000000.00",
            "reconciledDepreciation": null,
            "ebit": "4660000000.00",
            "ebitda": "-944000000.00",
            "depreciationAndAmortization": "-5604000000.00",
            "nonOperatingIncomeNetOther": null,
            "operatingIncome": "10605000000.00",
            "otherOperatingExpenses": "1106000000.00",
            "interestExpense": "839000000.00",
            "taxProvision": null,
            "interestIncome": null,
            "netInterestIncome": null,
            "extraordinaryItems": null,
            "nonRecurring": null,
            "otherItems": null,
            "incomeTaxExpense": "468000000.00",
            "totalRevenue": "11711000000.00",
            "totalOperatingExpenses": "-3376000000.00",
            "costOfRevenue": "4482000000.00",
            "totalOtherIncomeExpenseNet": "-6784000000.00",
            "discontinuedOperations": null,
            "netIncomeFromContinuingOps": null,
            "netIncomeApplicableToCommonShares": null,
            "preferredStockAndOtherAdjustments": null
        },
        "2013-09-30": {
            "date": "2013-09-30",
            "filing_date": "2013-09-30",
            "currency_symbol": "USD",
            "researchDevelopment": null,
            "effectOfAccountingCharges": null,
            "incomeBeforeTax": "3495000000.00",
            "minorityInterest": "430000000.00",
            "netIncome": "2366000000.00",
            "sellingGeneralAdministrative": "663000000.00",
            "sellingAndMarketingExpenses": "2691000000.00",
            "grossProfit": "6972000000.00",
            "reconciledDepreciation": null,
            "ebit": "4048000000.00",
            "ebitda": "4044000000.00",
            "depreciationAndAmortization": "-4000000.00",
            "nonOperatingIncomeNetOther": null,
            "operatingIncome": "3908000000.00",
            "otherOperatingExpenses": "7821000000.00",
            "interestExpense": "553000000.00",
            "taxProvision": null,
            "interestIncome": null,
            "netInterestIncome": null,
            "extraordinaryItems": null,
            "nonRecurring": null,
            "otherItems": null,
            "incomeTaxExpense": "699000000.00",
            "totalRevenue": "11729000000.00",
            "totalOperatingExpenses": "3064000000.00",
            "costOfRevenue": "4757000000.00",
            "totalOtherIncomeExpenseNet": "-413000000.00",
            "discontinuedOperations": null,
            "netIncomeFromContinuingOps": null,
            "netIncomeApplicableToCommonShares": null,
            "preferredStockAndOtherAdjustments": null
        },
        "2013-06-30": {
            "date": "2013-06-30",
            "filing_date": "2013-06-30",
            "currency_symbol": "USD",
            "researchDevelopment": null,
            "effectOfAccountingCharges": null,
            "incomeBeforeTax": "8358000000.00",
            "minorityInterest": "384000000.00",
            "netIncome": "7458000000.00",
            "sellingGeneralAdministrative": "583000000.00",
            "sellingAndMarketingExpenses": "2589000000.00",
            "grossProfit": "6136000000.00",
            "reconciledDepreciation": null,
            "ebit": "9062000000.00",
            "ebitda": "8937000000.00",
            "depreciationAndAmortization": "-125000000.00",
            "nonOperatingIncomeNetOther": null,
            "operatingIncome": "3154000000.00",
            "otherOperatingExpenses": "10587000000.00",
            "interestExpense": "704000000.00",
            "taxProvision": null,
            "interestIncome": null,
            "netInterestIncome": null,
            "extraordinaryItems": null,
            "nonRecurring": null,
            "otherItems": null,
            "incomeTaxExpense": "516000000.00",
            "totalRevenue": "10587000000.00",
            "totalOperatingExpenses": "6136000000.00",
            "costOfRevenue": "4451000000.00",
            "totalOtherIncomeExpenseNet": "5204000000.00",
            "discontinuedOperations": null,
            "netIncomeFromContinuingOps": null,
            "netIncomeApplicableToCommonShares": null,
            "preferredStockAndOtherAdjustments": null
        },
        "2013-03-31": {
            "date": "2013-03-31",
            "filing_date": "2013-03-31",
            "currency_symbol": "USD",
            "researchDevelopment": null,
            "effectOfAccountingCharges": null,
            "incomeBeforeTax": "2860000000.00",
            "minorityInterest": "476000000.00",
            "netIncome": "2051000000.00",
            "sellingGeneralAdministrative": "491000000.00",
            "sellingAndMarketingExpenses": "2216000000.00",
            "grossProfit": "5265000000.00",
            "reconciledDepreciation": null,
            "ebit": "3410000000.00",
            "ebitda": "3864000000.00",
            "depreciationAndAmortization": "454000000.00",
            "nonOperatingIncomeNetOther": null,
            "operatingIncome": "2725000000.00",
            "otherOperatingExpenses": "6444000000.00",
            "interestExpense": "550000000.00",
            "taxProvision": null,
            "interestIncome": null,
            "netInterestIncome": null,
            "extraordinaryItems": null,
            "nonRecurring": null,
            "otherItems": null,
            "incomeTaxExpense": "333000000.00",
            "totalRevenue": "9169000000.00",
            "totalOperatingExpenses": "2540000000.00",
            "costOfRevenue": "3904000000.00",
            "totalOtherIncomeExpenseNet": "135000000.00",
            "discontinuedOperations": null,
            "netIncomeFromContinuingOps": null,
            "netIncomeApplicableToCommonShares": null,
            "preferredStockAndOtherAdjustments": null
        },
        "2012-12-31": {
            "date": "2012-12-31",
            "filing_date": "2012-12-31",
            "currency_symbol": "USD",
            "researchDevelopment": "182000000.00",
            "effectOfAccountingCharges": null,
            "incomeBeforeTax": "2999000000.00",
            "minorityInterest": "741000000.00",
            "netIncome": "1756000000.00",
            "sellingGeneralAdministrative": "562000000.00",
            "sellingAndMarketingExpenses": "2171000000.00",
            "grossProfit": "6181000000.00",
            "reconciledDepreciation": null,
            "ebit": "4339000000.00",
            "ebitda": "5012000000.00",
            "depreciationAndAmortization": "673000000.00",
            "nonOperatingIncomeNetOther": null,
            "operatingIncome": "3643000000.00",
            "otherOperatingExpenses": "6644000000.00",
            "interestExpense": "524000000.00",
            "taxProvision": null,
            "interestIncome": null,
            "netInterestIncome": null,
            "extraordinaryItems": null,
            "nonRecurring": null,
            "otherItems": null,
            "incomeTaxExpense": "502000000.00",
            "totalRevenue": "10287000000.00",
            "totalOperatingExpenses": "2538000000.00",
            "costOfRevenue": "4106000000.00",
            "totalOtherIncomeExpenseNet": "-644000000.00",
            "discontinuedOperations": null,
            "netIncomeFromContinuingOps": null,
            "netIncomeApplicableToCommonShares": null,
            "preferredStockAndOtherAdjustments": null
        },
        "2012-09-30": {
            "date": "2012-09-30",
            "filing_date": "2012-09-30",
            "currency_symbol": "USD",
            "researchDevelopment": null,
            "effectOfAccountingCharges": null,
            "incomeBeforeTax": "2770000000.00",
            "minorityInterest": "502000000.00",
            "netIncome": "1818000000.00",
            "sellingGeneralAdministrative": "600000000.00",
            "sellingAndMarketingExpenses": "2283000000.00",
            "grossProfit": "5998000000.00",
            "reconciledDepreciation": null,
            "ebit": "3365000000.00",
            "ebitda": "3386000000.00",
            "depreciationAndAmortization": "21000000.00",
            "nonOperatingIncomeNetOther": null,
            "operatingIncome": "3301000000.00",
            "otherOperatingExpenses": "6968000000.00",
            "interestExpense": "595000000.00",
            "taxProvision": null,
            "interestIncome": null,
            "netInterestIncome": null,
            "extraordinaryItems": null,
            "nonRecurring": null,
            "otherItems": null,
            "incomeTaxExpense": "456000000.00",
            "totalRevenue": "10269000000.00",
            "totalOperatingExpenses": "2697000000.00",
            "costOfRevenue": "4271000000.00",
            "totalOtherIncomeExpenseNet": "-531000000.00",
            "discontinuedOperations": null,
            "netIncomeFromContinuingOps": null,
            "netIncomeApplicableToCommonShares": null,
            "preferredStockAndOtherAdjustments": null
        },
        "2012-06-30": {
            "date": "2012-06-30",
            "filing_date": "2012-06-30",
            "currency_symbol": "USD",
            "researchDevelopment": null,
            "effectOfAccountingCharges": null,
            "incomeBeforeTax": "2689000000.00",
            "minorityInterest": "416000000.00",
            "netIncome": "1428000000.00",
            "sellingGeneralAdministrative": "519000000.00",
            "sellingAndMarketingExpenses": "2382000000.00",
            "grossProfit": "5661000000.00",
            "reconciledDepreciation": null,
            "ebit": "3683000000.00",
            "ebitda": "4169000000.00",
            "depreciationAndAmortization": "486000000.00",
            "nonOperatingIncomeNetOther": null,
            "operatingIncome": "2928000000.00",
            "otherOperatingExpenses": "6942000000.00",
            "interestExpense": "417000000.00",
            "taxProvision": null,
            "interestIncome": null,
            "netInterestIncome": null,
            "extraordinaryItems": null,
            "nonRecurring": null,
            "otherItems": null,
            "incomeTaxExpense": "313000000.00",
            "totalRevenue": "9870000000.00",
            "totalOperatingExpenses": "2733000000.00",
            "costOfRevenue": "4209000000.00",
            "totalOtherIncomeExpenseNet": "-239000000.00",
            "discontinuedOperations": null,
            "netIncomeFromContinuingOps": null,
            "netIncomeApplicableToCommonShares": null,
            "preferredStockAndOtherAdjustments": null
        },
        "2012-03-31": {
            "date": "2012-03-31",
            "filing_date": "2012-03-31",
            "currency_symbol": "USD",
            "researchDevelopment": null,
            "effectOfAccountingCharges": null,
            "incomeBeforeTax": "2618000000.00",
            "minorityInterest": "532000000.00",
            "netIncome": "1666000000.00",
            "sellingGeneralAdministrative": "512000000.00",
            "sellingAndMarketingExpenses": "2206000000.00",
            "grossProfit": "5483000000.00",
            "reconciledDepreciation": null,
            "ebit": "3149000000.00",
            "ebitda": "3125000000.00",
            "depreciationAndAmortization": "-24000000.00",
            "nonOperatingIncomeNetOther": null,
            "operatingIncome": "2887000000.00",
            "otherOperatingExpenses": "6445000000.00",
            "interestExpense": "531000000.00",
            "taxProvision": null,
            "interestIncome": null,
            "netInterestIncome": null,
            "extraordinaryItems": null,
            "nonRecurring": null,
            "otherItems": null,
            "incomeTaxExpense": "427000000.00",
            "totalRevenue": "9332000000.00",
            "totalOperatingExpenses": "2596000000.00",
            "costOfRevenue": "3849000000.00",
            "totalOtherIncomeExpenseNet": "-269000000.00",
            "discontinuedOperations": null,
            "netIncomeFromContinuingOps": null,
            "netIncomeApplicableToCommonShares": null,
            "preferredStockAndOtherAdjustments": null
        },
        "2011-12-31": {
            "date": "2011-12-31",
            "filing_date": "2011-12-31",
            "currency_symbol": "USD",
            "researchDevelopment": null,
            "effectOfAccountingCharges": null,
            "incomeBeforeTax": "3166000000.00",
            "minorityInterest": "690000000.00",
            "netIncome": "1850000000.00",
            "sellingGeneralAdministrative": "3866000000.00",
            "sellingAndMarketingExpenses": "1259000000.00",
            "grossProfit": "5860000000.00",
            "reconciledDepreciation": null,
            "ebit": "4501000000.00",
            "ebitda": "5378000000.00",
            "depreciationAndAmortization": "877000000.00",
            "nonOperatingIncomeNetOther": null,
            "operatingIncome": "3268000000.00",
            "otherOperatingExpenses": "6606000000.00",
            "interestExpense": "1335000000.00",
            "taxProvision": null,
            "interestIncome": null,
            "netInterestIncome": null,
            "extraordinaryItems": null,
            "nonRecurring": null,
            "otherItems": null,
            "incomeTaxExpense": "626000000.00",
            "totalRevenue": "9874000000.00",
            "totalOperatingExpenses": "2592000000.00",
            "costOfRevenue": "4014000000.00",
            "totalOtherIncomeExpenseNet": "-102000000.00",
            "discontinuedOperations": null,
            "netIncomeFromContinuingOps": null,
            "netIncomeApplicableToCommonShares": null,
            "preferredStockAndOtherAdjustments": null
        },
        "2011-09-30": {
            "date": "2011-09-30",
            "filing_date": "2011-09-30",
            "currency_symbol": "USD",
            "researchDevelopment": null,
            "effectOfAccountingCharges": null,
            "incomeBeforeTax": "2467000000.00",
            "minorityInterest": "442000000.00",
            "netIncome": "1591000000.00",
            "sellingGeneralAdministrative": "500000000.00",
            "sellingAndMarketingExpenses": "2242000000.00",
            "grossProfit": "5828000000.00",
            "reconciledDepreciation": null,
            "ebit": "3281000000.00",
            "ebitda": "3481000000.00",
            "depreciationAndAmortization": "200000000.00",
            "nonOperatingIncomeNetOther": null,
            "operatingIncome": "3248000000.00",
            "otherOperatingExpenses": "6969000000.00",
            "interestExpense": "814000000.00",
            "taxProvision": null,
            "interestIncome": null,
            "netInterestIncome": null,
            "extraordinaryItems": null,
            "nonRecurring": null,
            "otherItems": null,
            "incomeTaxExpense": "434000000.00",
            "totalRevenue": "10217000000.00",
            "totalOperatingExpenses": "2580000000.00",
            "costOfRevenue": "4389000000.00",
            "totalOtherIncomeExpenseNet": "-781000000.00",
            "discontinuedOperations": null,
            "netIncomeFromContinuingOps": null,
            "netIncomeApplicableToCommonShares": null,
            "preferredStockAndOtherAdjustments": null
        },
        "2011-06-30": {
            "date": "2011-06-30",
            "filing_date": "2011-06-30",
            "currency_symbol": "USD",
            "researchDevelopment": null,
            "effectOfAccountingCharges": null,
            "incomeBeforeTax": "2284000000.00",
            "minorityInterest": "465000000.00",
            "netIncome": "1450000000.00",
            "sellingGeneralAdministrative": "470000000.00",
            "sellingAndMarketingExpenses": "2226000000.00",
            "grossProfit": "5620000000.00",
            "reconciledDepreciation": null,
            "ebit": "3026000000.00",
            "ebitda": "3457000000.00",
            "depreciationAndAmortization": "431000000.00",
            "nonOperatingIncomeNetOther": null,
            "operatingIncome": "2954000000.00",
            "otherOperatingExpenses": "6998000000.00",
            "interestExpense": "742000000.00",
            "taxProvision": null,
            "interestIncome": null,
            "netInterestIncome": null,
            "extraordinaryItems": null,
            "nonRecurring": null,
            "otherItems": null,
            "incomeTaxExpense": "369000000.00",
            "totalRevenue": "9952000000.00",
            "totalOperatingExpenses": "2666000000.00",
            "costOfRevenue": "4332000000.00",
            "totalOtherIncomeExpenseNet": "-670000000.00",
            "discontinuedOperations": null,
            "netIncomeFromContinuingOps": null,
            "netIncomeApplicableToCommonShares": null,
            "preferredStockAndOtherAdjustments": null
        },
        "2011-03-31": {
            "date": "2011-03-31",
            "filing_date": "2011-03-31",
            "currency_symbol": "USD",
            "researchDevelopment": null,
            "effectOfAccountingCharges": null,
            "incomeBeforeTax": "1898000000.00",
            "minorityInterest": "507000000.00",
            "netIncome": "964000000.00",
            "sellingGeneralAdministrative": "520000000.00",
            "sellingAndMarketingExpenses": "1934000000.00",
            "grossProfit": "5104000000.00",
            "reconciledDepreciation": null,
            "ebit": "2656000000.00",
            "ebitda": "2766000000.00",
            "depreciationAndAmortization": "110000000.00",
            "nonOperatingIncomeNetOther": null,
            "operatingIncome": "2755000000.00",
            "otherOperatingExpenses": "6248000000.00",
            "interestExpense": "758000000.00",
            "taxProvision": null,
            "interestIncome": null,
            "netInterestIncome": null,
            "extraordinaryItems": null,
            "nonRecurring": null,
            "otherItems": null,
            "incomeTaxExpense": "427000000.00",
            "totalRevenue": "9003000000.00",
            "totalOperatingExpenses": "2349000000.00",
            "costOfRevenue": "3899000000.00",
            "totalOtherIncomeExpenseNet": "-857000000.00",
            "discontinuedOperations": null,
            "netIncomeFromContinuingOps": null,
            "netIncomeApplicableToCommonShares": null,
            "preferredStockAndOtherAdjustments": null
        },
        "2010-12-31": {
            "date": "2010-12-31",
            "filing_date": "2010-12-31",
            "currency_symbol": "USD",
            "researchDevelopment": null,
            "effectOfAccountingCharges": null,
            "incomeBeforeTax": "2105000000.00",
            "minorityInterest": "589000000.00",
            "netIncome": "968000000.00",
            "sellingGeneralAdministrative": "3398000000.00",
            "sellingAndMarketingExpenses": "946000000.00",
            "grossProfit": "5281000000.00",
            "reconciledDepreciation": null,
            "ebit": "4353000000.00",
            "ebitda": "5640000000.00",
            "depreciationAndAmortization": "1287000000.00",
            "nonOperatingIncomeNetOther": null,
            "operatingIncome": "2789000000.00",
            "otherOperatingExpenses": "6684000000.00",
            "interestExpense": "2248000000.00",
            "taxProvision": null,
            "interestIncome": null,
            "netInterestIncome": null,
            "extraordinaryItems": null,
            "nonRecurring": null,
            "otherItems": null,
            "incomeTaxExpense": "548000000.00",
            "totalRevenue": "9473000000.00",
            "totalOperatingExpenses": "2492000000.00",
            "costOfRevenue": "4192000000.00",
            "totalOtherIncomeExpenseNet": "-684000000.00",
            "discontinuedOperations": null,
            "netIncomeFromContinuingOps": null,
            "netIncomeApplicableToCommonShares": null,
            "preferredStockAndOtherAdjustments": null
        },
        "2010-09-30": {
            "date": "2010-09-30",
            "filing_date": "2010-09-30",
            "currency_symbol": "USD",
            "researchDevelopment": null,
            "effectOfAccountingCharges": null,
            "incomeBeforeTax": "2407000000.00",
            "minorityInterest": "426000000.00",
            "netIncome": "1434000000.00",
            "sellingGeneralAdministrative": "480000000.00",
            "sellingAndMarketingExpenses": "1984000000.00",
            "grossProfit": "5193000000.00",
            "reconciledDepreciation": null,
            "ebit": "3001000000.00",
            "ebitda": "3163000000.00",
            "depreciationAndAmortization": "162000000.00",
            "nonOperatingIncomeNetOther": null,
            "operatingIncome": "2897000000.00",
            "otherOperatingExpenses": "6426000000.00",
            "interestExpense": "594000000.00",
            "taxProvision": null,
            "interestIncome": null,
            "netInterestIncome": null,
            "extraordinaryItems": null,
            "nonRecurring": null,
            "otherItems": null,
            "incomeTaxExpense": "547000000.00",
            "totalRevenue": "9323000000.00",
            "totalOperatingExpenses": "2296000000.00",
            "costOfRevenue": "4130000000.00",
            "totalOtherIncomeExpenseNet": "-490000000.00",
            "discontinuedOperations": null,
            "netIncomeFromContinuingOps": null,
            "netIncomeApplicableToCommonShares": null,
            "preferredStockAndOtherAdjustments": null
        },
        "2010-06-30": {
            "date": "2010-06-30",
            "filing_date": "2010-06-30",
            "currency_symbol": "USD",
            "researchDevelopment": null,
            "effectOfAccountingCharges": null,
            "incomeBeforeTax": "1970000000.00",
            "minorityInterest": "352000000.00",
            "netIncome": "1149000000.00",
            "sellingGeneralAdministrative": "165000000.00",
            "sellingAndMarketingExpenses": "2609000000.00",
            "grossProfit": "5062000000.00",
            "reconciledDepreciation": null,
            "ebit": "3073000000.00",
            "ebitda": "3297000000.00",
            "depreciationAndAmortization": "224000000.00",
            "nonOperatingIncomeNetOther": null,
            "operatingIncome": "2558000000.00",
            "otherOperatingExpenses": "6616000000.00",
            "interestExpense": "673000000.00",
            "taxProvision": null,
            "interestIncome": null,
            "netInterestIncome": null,
            "extraordinaryItems": null,
            "nonRecurring": null,
            "otherItems": null,
            "incomeTaxExpense": "470000000.00",
            "totalRevenue": "9174000000.00",
            "totalOperatingExpenses": "2504000000.00",
            "costOfRevenue": "4112000000.00",
            "totalOtherIncomeExpenseNet": "-588000000.00",
            "discontinuedOperations": null,
            "netIncomeFromContinuingOps": null,
            "netIncomeApplicableToCommonShares": null,
            "preferredStockAndOtherAdjustments": null
        },
        "2010-03-31": {
            "date": "2010-03-31",
            "filing_date": "2010-03-31",
            "currency_symbol": "USD",
            "researchDevelopment": null,
            "effectOfAccountingCharges": null,
            "incomeBeforeTax": "1200000000.00",
            "minorityInterest": "369000000.00",
            "netIncome": "475000000.00",
            "sellingGeneralAdministrative": "1159000000.00",
            "sellingAndMarketingExpenses": "1066000000.00",
            "grossProfit": "4609000000.00",
            "reconciledDepreciation": null,
            "ebit": "2470000000.00",
            "ebitda": "2889000000.00",
            "depreciationAndAmortization": "419000000.00",
            "nonOperatingIncomeNetOther": null,
            "operatingIncome": "2470000000.00",
            "otherOperatingExpenses": "5857000000.00",
            "interestExpense": "900000000.00",
            "taxProvision": null,
            "interestIncome": null,
            "netInterestIncome": null,
            "extraordinaryItems": null,
            "nonRecurring": null,
            "otherItems": null,
            "incomeTaxExpense": "355000000.00",
            "totalRevenue": "8327000000.00",
            "totalOperatingExpenses": "2139000000.00",
            "costOfRevenue": "3718000000.00",
            "totalOtherIncomeExpenseNet": "-1270000000.00",
            "discontinuedOperations": null,
            "netIncomeFromContinuingOps": null,
            "netIncomeApplicableToCommonShares": null,
            "preferredStockAndOtherAdjustments": null
        },
        "2009-12-31": {
            "date": "2009-12-31",
            "filing_date": null,
            "currency_symbol": "USD",
            "researchDevelopment": null,
            "effectOfAccountingCharges": null,
            "incomeBeforeTax": "2054000000.00",
            "minorityInterest": "410000000.00",
            "netIncome": null,
            "sellingGeneralAdministrative": "2802000000.00",
            "sellingAndMarketingExpenses": null,
            "grossProfit": "4993000000.00",
            "reconciledDepreciation": null,
            "ebit": null,
            "ebitda": null,
            "depreciationAndAmortization": null,
            "nonOperatingIncomeNetOther": null,
            "operatingIncome": null,
            "otherOperatingExpenses": null,
            "interestExpense": "1007000000.00",
            "taxProvision": null,
            "interestIncome": null,
            "netInterestIncome": null,
            "extraordinaryItems": null,
            "nonRecurring": null,
            "otherItems": null,
            "incomeTaxExpense": "365000000.00",
            "totalRevenue": "9297000000.00",
            "totalOperatingExpenses": null,
            "costOfRevenue": "4304000000.00",
            "totalOtherIncomeExpenseNet": null,
            "discontinuedOperations": null,
            "netIncomeFromContinuingOps": null,
            "netIncomeApplicableToCommonShares": null,
            "preferredStockAndOtherAdjustments": null
        },
        "2009-09-30": {
            "date": "2009-09-30",
            "filing_date": null,
            "currency_symbol": "USD",
            "researchDevelopment": null,
            "effectOfAccountingCharges": null,
            "incomeBeforeTax": "2445000000.00",
            "minorityInterest": "298000000.00",
            "netIncome": null,
            "sellingGeneralAdministrative": "2533000000.00",
            "sellingAndMarketingExpenses": null,
            "grossProfit": "5375000000.00",
            "reconciledDepreciation": null,
            "ebit": null,
            "ebitda": null,
            "depreciationAndAmortization": null,
            "nonOperatingIncomeNetOther": null,
            "operatingIncome": null,
            "otherOperatingExpenses": null,
            "interestExpense": "953000000.00",
            "taxProvision": null,
            "interestIncome": null,
            "netInterestIncome": null,
            "extraordinaryItems": null,
            "nonRecurring": null,
            "otherItems": null,
            "incomeTaxExpense": "601000000.00",
            "totalRevenue": "9880000000.00",
            "totalOperatingExpenses": null,
            "costOfRevenue": "4505000000.00",
            "totalOtherIncomeExpenseNet": null,
            "discontinuedOperations": null,
            "netIncomeFromContinuingOps": null,
            "netIncomeApplicableToCommonShares": null,
            "preferredStockAndOtherAdjustments": null
        },
        "2009-06-30": {
            "date": "2009-06-30",
            "filing_date": null,
            "currency_symbol": "USD",
            "researchDevelopment": null,
            "effectOfAccountingCharges": null,
            "incomeBeforeTax": "1828000000.00",
            "minorityInterest": "279000000.00",
            "netIncome": null,
            "sellingGeneralAdministrative": "2492000000.00",
            "sellingAndMarketingExpenses": null,
            "grossProfit": "5427000000.00",
            "reconciledDepreciation": null,
            "ebit": null,
            "ebitda": null,
            "depreciationAndAmortization": null,
            "nonOperatingIncomeNetOther": null,
            "operatingIncome": null,
            "otherOperatingExpenses": null,
            "interestExpense": "1151000000.00",
            "taxProvision": null,
            "interestIncome": null,
            "netInterestIncome": null,
            "extraordinaryItems": null,
            "nonRecurring": null,
            "otherItems": null,
            "incomeTaxExpense": "478000000.00",
            "totalRevenue": "9810000000.00",
            "totalOperatingExpenses": null,
            "costOfRevenue": "4383000000.00",
            "totalOtherIncomeExpenseNet": null,
            "discontinuedOperations": null,
            "netIncomeFromContinuingOps": null,
            "netIncomeApplicableToCommonShares": null,
            "preferredStockAndOtherAdjustments": null
        },
        "2009-03-31": {
            "date": "2009-03-31",
            "filing_date": null,
            "currency_symbol": "USD",
            "researchDevelopment": null,
            "effectOfAccountingCharges": null,
            "incomeBeforeTax": "1335000000.00",
            "minorityInterest": "277000000.00",
            "netIncome": null,
            "sellingGeneralAdministrative": "2145000000.00",
            "sellingAndMarketingExpenses": null,
            "grossProfit": "4266000000.00",
            "reconciledDepreciation": null,
            "ebit": null,
            "ebitda": null,
            "depreciationAndAmortization": null,
            "nonOperatingIncomeNetOther": null,
            "operatingIncome": null,
            "otherOperatingExpenses": null,
            "interestExpense": "940000000.00",
            "taxProvision": null,
            "interestIncome": null,
            "netInterestIncome": null,
            "extraordinaryItems": null,
            "nonRecurring": null,
            "otherItems": null,
            "incomeTaxExpense": "342000000.00",
            "totalRevenue": "8273000000.00",
            "totalOperatingExpenses": null,
            "costOfRevenue": "4007000000.00",
            "totalOtherIncomeExpenseNet": null,
            "discontinuedOperations": null,
            "netIncomeFromContinuingOps": null,
            "netIncomeApplicableToCommonShares": null,
            "preferredStockAndOtherAdjustments": null
        },
        "2008-12-31": {
            "date": "2008-12-31",
            "filing_date": null,
            "currency_symbol": "USD",
            "researchDevelopment": null,
            "effectOfAccountingCharges": null,
            "incomeBeforeTax": "815301000.00",
            "minorityInterest": "408110700.00",
            "netIncome": null,
            "sellingGeneralAdministrative": "2554053900.00",
            "sellingAndMarketingExpenses": null,
            "grossProfit": "4502831000.00",
            "reconciledDepreciation": null,
            "ebit": null,
            "ebitda": null,
            "depreciationAndAmortization": null,
            "nonOperatingIncomeNetOther": null,
            "operatingIncome": null,
            "otherOperatingExpenses": null,
            "interestExpense": "755115800.00",
            "taxProvision": null,
            "interestIncome": null,
            "netInterestIncome": null,
            "extraordinaryItems": null,
            "nonRecurring": null,
            "otherItems": null,
            "incomeTaxExpense": "210086100.00",
            "totalRevenue": "8430671100.00",
            "totalOperatingExpenses": null,
            "costOfRevenue": "3927840000.00",
            "totalOtherIncomeExpenseNet": null,
            "discontinuedOperations": null,
            "netIncomeFromContinuingOps": null,
            "netIncomeApplicableToCommonShares": null,
            "preferredStockAndOtherAdjustments": null
        },
        "2008-09-30": {
            "date": "2008-09-30",
            "filing_date": null,
            "currency_symbol": "USD",
            "researchDevelopment": null,
            "effectOfAccountingCharges": null,
            "incomeBeforeTax": "829000000.00",
            "minorityInterest": "202000000.00",
            "netIncome": null,
            "sellingGeneralAdministrative": "1260000000.00",
            "sellingAndMarketingExpenses": null,
            "grossProfit": "2348000000.00",
            "reconciledDepreciation": null,
            "ebit": null,
            "ebitda": null,
            "depreciationAndAmortization": null,
            "nonOperatingIncomeNetOther": null,
            "operatingIncome": null,
            "otherOperatingExpenses": null,
            "interestExpense": "158000000.00",
            "taxProvision": null,
            "interestIncome": null,
            "netInterestIncome": null,
            "extraordinaryItems": null,
            "nonRecurring": null,
            "otherItems": null,
            "incomeTaxExpense": "180000000.00",
            "totalRevenue": "4014000000.00",
            "totalOperatingExpenses": null,
            "costOfRevenue": "1666000000.00",
            "totalOtherIncomeExpenseNet": null,
            "discontinuedOperations": null,
            "netIncomeFromContinuingOps": null,
            "netIncomeApplicableToCommonShares": null,
            "preferredStockAndOtherAdjustments": null
        },
        "2008-06-30": {
            "date": "2008-06-30",
            "filing_date": null,
            "currency_symbol": "USD",
            "researchDevelopment": null,
            "effectOfAccountingCharges": null,
            "incomeBeforeTax": "775000000.00",
            "minorityInterest": "169000000.00",
            "netIncome": null,
            "sellingGeneralAdministrative": "1265000000.00",
            "sellingAndMarketingExpenses": null,
            "grossProfit": "2210000000.00",
            "reconciledDepreciation": null,
            "ebit": null,
            "ebitda": null,
            "depreciationAndAmortization": null,
            "nonOperatingIncomeNetOther": null,
            "operatingIncome": null,
            "otherOperatingExpenses": null,
            "interestExpense": "253000000.00",
            "taxProvision": null,
            "interestIncome": null,
            "netInterestIncome": null,
            "extraordinaryItems": null,
            "nonRecurring": null,
            "otherItems": null,
            "incomeTaxExpense": "63000000.00",
            "totalRevenue": "3763000000.00",
            "totalOperatingExpenses": null,
            "costOfRevenue": "1553000000.00",
            "totalOtherIncomeExpenseNet": null,
            "discontinuedOperations": null,
            "netIncomeFromContinuingOps": null,
            "netIncomeApplicableToCommonShares": null,
            "preferredStockAndOtherAdjustments": null
        },
        "2008-03-31": {
            "date": "2008-03-31",
            "filing_date": null,
            "currency_symbol": "USD",
            "researchDevelopment": null,
            "effectOfAccountingCharges": null,
            "incomeBeforeTax": "531000000.00",
            "minorityInterest": "194000000.00",
            "netIncome": null,
            "sellingGeneralAdministrative": "1168000000.00",
            "sellingAndMarketingExpenses": null,
            "grossProfit": "1884000000.00",
            "reconciledDepreciation": null,
            "ebit": null,
            "ebitda": null,
            "depreciationAndAmortization": null,
            "nonOperatingIncomeNetOther": null,
            "operatingIncome": null,
            "otherOperatingExpenses": null,
            "interestExpense": "159000000.00",
            "taxProvision": null,
            "interestIncome": null,
            "netInterestIncome": null,
            "extraordinaryItems": null,
            "nonRecurring": null,
            "otherItems": null,
            "incomeTaxExpense": "88000000.00",
            "totalRevenue": "3251000000.00",
            "totalOperatingExpenses": null,
            "costOfRevenue": "1367000000.00",
            "totalOtherIncomeExpenseNet": null,
            "discontinuedOperations": null,
            "netIncomeFromContinuingOps": null,
            "netIncomeApplicableToCommonShares": null,
            "preferredStockAndOtherAdjustments": null
        },
        "2007-12-31": {
            "date": "2007-12-31",
            "filing_date": null,
            "currency_symbol": "USD",
            "researchDevelopment": null,
            "effectOfAccountingCharges": null,
            "incomeBeforeTax": "1683162700.00",
            "minorityInterest": "363214800.00",
            "netIncome": null,
            "sellingGeneralAdministrative": "1313643400.00",
            "sellingAndMarketingExpenses": null,
            "grossProfit": "2635940000.00",
            "reconciledDepreciation": null,
            "ebit": null,
            "ebitda": null,
            "depreciationAndAmortization": null,
            "nonOperatingIncomeNetOther": null,
            "operatingIncome": null,
            "otherOperatingExpenses": null,
            "interestExpense": "89483200.00",
            "taxProvision": null,
            "interestIncome": null,
            "netInterestIncome": null,
            "extraordinaryItems": null,
            "nonRecurring": null,
            "otherItems": null,
            "incomeTaxExpense": "210419900.00",
            "totalRevenue": "4382642000.00",
            "totalOperatingExpenses": null,
            "costOfRevenue": "1746702400.00",
            "totalOtherIncomeExpenseNet": null,
            "discontinuedOperations": null,
            "netIncomeFromContinuingOps": null,
            "netIncomeApplicableToCommonShares": null,
            "preferredStockAndOtherAdjustments": null
        },
        "2007-09-30": {
            "date": "2007-09-30",
            "filing_date": null,
            "currency_symbol": "USD",
            "researchDevelopment": null,
            "effectOfAccountingCharges": null,
            "incomeBeforeTax": "911000000.00",
            "minorityInterest": "195000000.00",
            "netIncome": null,
            "sellingGeneralAdministrative": "1230000000.00",
            "sellingAndMarketingExpenses": null,
            "grossProfit": "2287000000.00",
            "reconciledDepreciation": null,
            "ebit": null,
            "ebitda": null,
            "depreciationAndAmortization": null,
            "nonOperatingIncomeNetOther": null,
            "operatingIncome": null,
            "otherOperatingExpenses": null,
            "interestExpense": "157000000.00",
            "taxProvision": null,
            "interestIncome": null,
            "netInterestIncome": null,
            "extraordinaryItems": null,
            "nonRecurring": null,
            "otherItems": null,
            "incomeTaxExpense": "197000000.00",
            "totalRevenue": "3840000000.00",
            "totalOperatingExpenses": null,
            "costOfRevenue": "1553000000.00",
            "totalOtherIncomeExpenseNet": null,
            "discontinuedOperations": null,
            "netIncomeFromContinuingOps": null,
            "netIncomeApplicableToCommonShares": null,
            "preferredStockAndOtherAdjustments": null
        },
        "2007-06-30": {
            "date": "2007-06-30",
            "filing_date": null,
            "currency_symbol": "USD",
            "researchDevelopment": null,
            "effectOfAccountingCharges": null,
            "incomeBeforeTax": "832000000.00",
            "minorityInterest": "168000000.00",
            "netIncome": null,
            "sellingGeneralAdministrative": "1294000000.00",
            "sellingAndMarketingExpenses": null,
            "grossProfit": "2234000000.00",
            "reconciledDepreciation": null,
            "ebit": null,
            "ebitda": null,
            "depreciationAndAmortization": null,
            "nonOperatingIncomeNetOther": null,
            "operatingIncome": null,
            "otherOperatingExpenses": null,
            "interestExpense": "251000000.00",
            "taxProvision": null,
            "interestIncome": null,
            "netInterestIncome": null,
            "extraordinaryItems": null,
            "nonRecurring": null,
            "otherItems": null,
            "incomeTaxExpense": "166000000.00",
            "totalRevenue": "3771000000.00",
            "totalOperatingExpenses": null,
            "costOfRevenue": "1537000000.00",
            "totalOtherIncomeExpenseNet": null,
            "discontinuedOperations": null,
            "netIncomeFromContinuingOps": null,
            "netIncomeApplicableToCommonShares": null,
            "preferredStockAndOtherAdjustments": null
        },
        "2007-03-31": {
            "date": "2007-03-31",
            "filing_date": null,
            "currency_symbol": "USD",
            "researchDevelopment": null,
            "effectOfAccountingCharges": null,
            "incomeBeforeTax": "566000000.00",
            "minorityInterest": "185000000.00",
            "netIncome": null,
            "sellingGeneralAdministrative": "1106000000.00",
            "sellingAndMarketingExpenses": null,
            "grossProfit": "1812000000.00",
            "reconciledDepreciation": null,
            "ebit": null,
            "ebitda": null,
            "depreciationAndAmortization": null,
            "nonOperatingIncomeNetOther": null,
            "operatingIncome": null,
            "otherOperatingExpenses": null,
            "interestExpense": "90000000.00",
            "taxProvision": null,
            "interestIncome": null,
            "netInterestIncome": null,
            "extraordinaryItems": null,
            "nonRecurring": null,
            "otherItems": null,
            "incomeTaxExpense": "101000000.00",
            "totalRevenue": "3085000000.00",
            "totalOperatingExpenses": null,
            "costOfRevenue": "1273000000.00",
            "totalOtherIncomeExpenseNet": null,
            "discontinuedOperations": null,
            "netIncomeFromContinuingOps": null,
            "netIncomeApplicableToCommonShares": null,
            "preferredStockAndOtherAdjustments": null
        },
        "2006-12-31": {
            "date": "2006-12-31",
            "filing_date": null,
            "currency_symbol": "USD",
            "researchDevelopment": null,
            "effectOfAccountingCharges": null,
            "incomeBeforeTax": "750000000.00",
            "minorityInterest": "230000000.00",
            "netIncome": null,
            "sellingGeneralAdministrative": "1230000000.00",
            "sellingAndMarketingExpenses": null,
            "grossProfit": "2090000000.00",
            "reconciledDepreciation": null,
            "ebit": null,
            "ebitda": null,
            "depreciationAndAmortization": null,
            "nonOperatingIncomeNetOther": null,
            "operatingIncome": null,
            "otherOperatingExpenses": null,
            "interestExpense": "115000000.00",
            "taxProvision": null,
            "interestIncome": null,
            "netInterestIncome": null,
            "extraordinaryItems": null,
            "nonRecurring": null,
            "otherItems": null,
            "incomeTaxExpense": "149000000.00",
            "totalRevenue": "3590000000.00",
            "totalOperatingExpenses": null,
            "costOfRevenue": "1500000000.00",
            "totalOtherIncomeExpenseNet": null,
            "discontinuedOperations": null,
            "netIncomeFromContinuingOps": null,
            "netIncomeApplicableToCommonShares": null,
            "preferredStockAndOtherAdjustments": null
        },
        "2006-09-30": {
            "date": "2006-09-30",
            "filing_date": null,
            "currency_symbol": "USD",
            "researchDevelopment": null,
            "effectOfAccountingCharges": null,
            "incomeBeforeTax": "795000000.00",
            "minorityInterest": "153000000.00",
            "netIncome": null,
            "sellingGeneralAdministrative": "1191000000.00",
            "sellingAndMarketingExpenses": null,
            "grossProfit": "2154000000.00",
            "reconciledDepreciation": null,
            "ebit": null,
            "ebitda": null,
            "depreciationAndAmortization": null,
            "nonOperatingIncomeNetOther": null,
            "operatingIncome": null,
            "otherOperatingExpenses": null,
            "interestExpense": "120000000.00",
            "taxProvision": null,
            "interestIncome": null,
            "netInterestIncome": null,
            "extraordinaryItems": null,
            "nonRecurring": null,
            "otherItems": null,
            "incomeTaxExpense": "163000000.00",
            "totalRevenue": "3578000000.00",
            "totalOperatingExpenses": null,
            "costOfRevenue": "1424000000.00",
            "totalOtherIncomeExpenseNet": null,
            "discontinuedOperations": null,
            "netIncomeFromContinuingOps": null,
            "netIncomeApplicableToCommonShares": null,
            "preferredStockAndOtherAdjustments": null
        },
        "2006-06-30": {
            "date": "2006-06-30",
            "filing_date": null,
            "currency_symbol": "USD",
            "researchDevelopment": null,
            "effectOfAccountingCharges": null,
            "incomeBeforeTax": "703000000.00",
            "minorityInterest": "166000000.00",
            "netIncome": null,
            "sellingGeneralAdministrative": "1240000000.00",
            "sellingAndMarketingExpenses": null,
            "grossProfit": "2026000000.00",
            "reconciledDepreciation": null,
            "ebit": null,
            "ebitda": null,
            "depreciationAndAmortization": null,
            "nonOperatingIncomeNetOther": null,
            "operatingIncome": null,
            "otherOperatingExpenses": null,
            "interestExpense": "168000000.00",
            "taxProvision": null,
            "interestIncome": null,
            "netInterestIncome": null,
            "extraordinaryItems": null,
            "nonRecurring": null,
            "otherItems": null,
            "incomeTaxExpense": "142000000.00",
            "totalRevenue": "3402000000.00",
            "totalOperatingExpenses": null,
            "costOfRevenue": "1376000000.00",
            "totalOtherIncomeExpenseNet": null,
            "discontinuedOperations": null,
            "netIncomeFromContinuingOps": null,
            "netIncomeApplicableToCommonShares": null,
            "preferredStockAndOtherAdjustments": null
        },
        "2006-03-31": {
            "date": "2006-03-31",
            "filing_date": null,
            "currency_symbol": "USD",
            "researchDevelopment": null,
            "effectOfAccountingCharges": null,
            "incomeBeforeTax": "409000000.00",
            "minorityInterest": "166000000.00",
            "netIncome": null,
            "sellingGeneralAdministrative": "1080000000.00",
            "sellingAndMarketingExpenses": null,
            "grossProfit": "1661000000.00",
            "reconciledDepreciation": null,
            "ebit": null,
            "ebitda": null,
            "depreciationAndAmortization": null,
            "nonOperatingIncomeNetOther": null,
            "operatingIncome": null,
            "otherOperatingExpenses": null,
            "interestExpense": "118000000.00",
            "taxProvision": null,
            "interestIncome": null,
            "netInterestIncome": null,
            "extraordinaryItems": null,
            "nonRecurring": null,
            "otherItems": null,
            "incomeTaxExpense": "77000000.00",
            "totalRevenue": "2838000000.00",
            "totalOperatingExpenses": null,
            "costOfRevenue": "1177000000.00",
            "totalOtherIncomeExpenseNet": null,
            "discontinuedOperations": null,
            "netIncomeFromContinuingOps": null,
            "netIncomeApplicableToCommonShares": null,
            "preferredStockAndOtherAdjustments": null
        },
        "2005-12-31": {
            "date": "2005-12-31",
            "filing_date": null,
            "currency_symbol": "USD",
            "researchDevelopment": null,
            "effectOfAccountingCharges": null,
            "incomeBeforeTax": "436000000.00",
            "minorityInterest": "193000000.00",
            "netIncome": null,
            "sellingGeneralAdministrative": "1127000000.00",
            "sellingAndMarketingExpenses": null,
            "grossProfit": "1880000000.00",
            "reconciledDepreciation": null,
            "ebit": null,
            "ebitda": null,
            "depreciationAndAmortization": null,
            "nonOperatingIncomeNetOther": null,
            "operatingIncome": null,
            "otherOperatingExpenses": null,
            "interestExpense": "180000000.00",
            "taxProvision": null,
            "interestIncome": null,
            "netInterestIncome": null,
            "extraordinaryItems": null,
            "nonRecurring": null,
            "otherItems": null,
            "incomeTaxExpense": "79000000.00",
            "totalRevenue": "3295000000.00",
            "totalOperatingExpenses": null,
            "costOfRevenue": "1415000000.00",
            "totalOtherIncomeExpenseNet": null,
            "discontinuedOperations": null,
            "netIncomeFromContinuingOps": null,
            "netIncomeApplicableToCommonShares": null,
            "preferredStockAndOtherAdjustments": null
        },
        "2005-09-30": {
            "date": "2005-09-30",
            "filing_date": null,
            "currency_symbol": "USD",
            "researchDevelopment": null,
            "effectOfAccountingCharges": null,
            "incomeBeforeTax": "646000000.00",
            "minorityInterest": "145000000.00",
            "netIncome": null,
            "sellingGeneralAdministrative": "1120000000.00",
            "sellingAndMarketingExpenses": null,
            "grossProfit": "1858000000.00",
            "reconciledDepreciation": null,
            "ebit": null,
            "ebitda": null,
            "depreciationAndAmortization": null,
            "nonOperatingIncomeNetOther": null,
            "operatingIncome": null,
            "otherOperatingExpenses": null,
            "interestExpense": "120000000.00",
            "taxProvision": null,
            "interestIncome": null,
            "netInterestIncome": null,
            "extraordinaryItems": null,
            "nonRecurring": null,
            "otherItems": null,
            "incomeTaxExpense": "143000000.00",
            "totalRevenue": "3217000000.00",
            "totalOperatingExpenses": null,
            "costOfRevenue": "1359000000.00",
            "totalOtherIncomeExpenseNet": null,
            "discontinuedOperations": null,
            "netIncomeFromContinuingOps": null,
            "netIncomeApplicableToCommonShares": null,
            "preferredStockAndOtherAdjustments": null
        },
        "2005-06-30": {
            "date": "2005-06-30",
            "filing_date": null,
            "currency_symbol": "USD",
            "researchDevelopment": null,
            "effectOfAccountingCharges": null,
            "incomeBeforeTax": "531000000.00",
            "minorityInterest": "81000000.00",
            "netIncome": null,
            "sellingGeneralAdministrative": "1097000000.00",
            "sellingAndMarketingExpenses": null,
            "grossProfit": "1692000000.00",
            "reconciledDepreciation": null,
            "ebit": null,
            "ebitda": null,
            "depreciationAndAmortization": null,
            "nonOperatingIncomeNetOther": null,
            "operatingIncome": null,
            "otherOperatingExpenses": null,
            "interestExpense": "227000000.00",
            "taxProvision": null,
            "interestIncome": null,
            "netInterestIncome": null,
            "extraordinaryItems": null,
            "nonRecurring": null,
            "otherItems": null,
            "incomeTaxExpense": "126000000.00",
            "totalRevenue": "2971000000.00",
            "totalOperatingExpenses": null,
            "costOfRevenue": "1279000000.00",
            "totalOtherIncomeExpenseNet": null,
            "discontinuedOperations": null,
            "netIncomeFromContinuingOps": null,
            "netIncomeApplicableToCommonShares": null,
            "preferredStockAndOtherAdjustments": null
        },
        "2005-03-31": {
            "date": "2005-03-31",
            "filing_date": null,
            "currency_symbol": "USD",
            "researchDevelopment": null,
            "effectOfAccountingCharges": null,
            "incomeBeforeTax": "180000000.00",
            "minorityInterest": "79000000.00",
            "netIncome": null,
            "sellingGeneralAdministrative": "923000000.00",
            "sellingAndMarketingExpenses": null,
            "grossProfit": "1258000000.00",
            "reconciledDepreciation": null,
            "ebit": null,
            "ebitda": null,
            "depreciationAndAmortization": null,
            "nonOperatingIncomeNetOther": null,
            "operatingIncome": null,
            "otherOperatingExpenses": null,
            "interestExpense": null,
            "taxProvision": null,
            "interestIncome": null,
            "netInterestIncome": null,
            "extraordinaryItems": null,
            "nonRecurring": null,
            "otherItems": null,
            "incomeTaxExpense": "43000000.00",
            "totalRevenue": "2287000000.00",
            "totalOperatingExpenses": null,
            "costOfRevenue": "1029000000.00",
            "totalOtherIncomeExpenseNet": null,
            "discontinuedOperations": null,
            "netIncomeFromContinuingOps": null,
            "netIncomeApplicableToCommonShares": null,
            "preferredStockAndOtherAdjustments": null
        }
    },
    "yearly": {
        "2024-12-31": {
            "date": "2024-12-31",
            "filing_date": "2024-12-31",
            "currency_symbol": "USD",
            "researchDevelopment": null,
            "effectOfAccountingCharges": null,
            "incomeBeforeTax": "10568000000.00",
            "minorityInterest": "-1561000000.00",
            "netIncome": "5855000000.00",
            "sellingGeneralAdministrative": "4983000000.00",
            "sellingAndMarketingExpenses": "13357000000.00",
            "grossProfit": "33024000000.00",
            "reconciledDepreciation": "5544000000.00",
            "ebit": "14752000000.00",
            "ebitda": "20296000000.00",
            "depreciationAndAmortization": "5544000000.00",
            "nonOperatingIncomeNetOther": null,
            "operatingIncome": "15487000000.00",
            "otherOperatingExpenses": "44281000000.00",
            "interestExpense": "4184000000.00",
            "taxProvision": "3152000000.00",
            "interestIncome": "733000000.00",
            "netInterestIncome": "-3822000000.00",
            "extraordinaryItems": null,
            "nonRecurring": null,
            "otherItems": null,
            "incomeTaxExpense": "3152000000.00",
            "totalRevenue": "59768000000.00",
            "totalOperatingExpenses": "17537000000.00",
            "costOfRevenue": "26744000000.00",
            "totalOtherIncomeExpenseNet": "-4919000000.00",
            "discontinuedOperations": null,
            "netIncomeFromContinuingOps": "7416000000.00",
            "netIncomeApplicableToCommonShares": null,
            "preferredStockAndOtherAdjustments": null
        },
        "2023-12-31": {
            "date": "2023-12-31",
            "filing_date": "2023-12-31",
            "currency_symbol": "USD",
            "researchDevelopment": "256000000.00",
            "effectOfAccountingCharges": null,
            "incomeBeforeTax": "9124000000.00",
            "minorityInterest": "-1550000000.00",
            "netIncome": "5341000000.00",
            "sellingGeneralAdministrative": "4738000000.00",
            "sellingAndMarketingExpenses": "13435000000.00",
            "grossProfit": "31984000000.00",
            "reconciledDepreciation": "5411000000.00",
            "ebit": "13656000000.00",
            "ebitda": "19067000000.00",
            "depreciationAndAmortization": "5411000000.00",
            "nonOperatingIncomeNetOther": null,
            "operatingIncome": "13966000000.00",
            "otherOperatingExpenses": "45414000000.00",
            "interestExpense": "4532000000.00",
            "taxProvision": "2234000000.00",
            "interestIncome": "168000000.00",
            "netInterestIncome": "-5033000000.00",
            "extraordinaryItems": null,
            "nonRecurring": null,
            "otherItems": null,
            "incomeTaxExpense": "2234000000.00",
            "totalRevenue": "59380000000.00",
            "totalOperatingExpenses": "18018000000.00",
            "costOfRevenue": "27396000000.00",
            "totalOtherIncomeExpenseNet": "-4842000000.00",
            "discontinuedOperations": null,
            "netIncomeFromContinuingOps": "6890000000.00",
            "netIncomeApplicableToCommonShares": null,
            "preferredStockAndOtherAdjustments": null
        },
        "2022-12-31": {
            "date": "2022-12-31",
            "filing_date": "2022-12-31",
            "currency_symbol": "USD",
            "researchDevelopment": "268000000.00",
            "effectOfAccountingCharges": null,
            "incomeBeforeTax": "9524000000.00",
            "minorityInterest": "-1628000000.00",
            "netIncome": "5969000000.00",
            "sellingGeneralAdministrative": "4414000000.00",
            "sellingAndMarketingExpenses": "13141000000.00",
            "grossProfit": "31481000000.00",
            "reconciledDepreciation": "5078000000.00",
            "ebit": "13903000000.00",
            "ebitda": "18981000000.00",
            "depreciationAndAmortization": "5078000000.00",
            "nonOperatingIncomeNetOther": null,
            "operatingIncome": "14517000000.00",
            "otherOperatingExpenses": "43269000000.00",
            "interestExpense": "4379000000.00",
            "taxProvision": "1928000000.00",
            "interestIncome": "462000000.00",
            "netInterestIncome": "-4480000000.00",
            "extraordinaryItems": null,
            "nonRecurring": null,
            "otherItems": null,
            "incomeTaxExpense": "1928000000.00",
            "totalRevenue": "57786000000.00",
            "totalOperatingExpenses": "16964000000.00",
            "costOfRevenue": "26305000000.00",
            "totalOtherIncomeExpenseNet": "-4993000000.00",
            "discontinuedOperations": null,
            "netIncomeFromContinuingOps": "7596000000.00",
            "netIncomeApplicableToCommonShares": "5969000000.00",
            "preferredStockAndOtherAdjustments": null
        },
        "2021-12-31": {
            "date": "2021-12-31",
            "filing_date": "2021-12-31",
            "currency_symbol": "USD",
            "researchDevelopment": "298000000.00",
            "effectOfAccountingCharges": null,
            "incomeBeforeTax": "8463000000.00",
            "minorityInterest": "-1444000000.00",
            "netIncome": "4670000000.00",
            "sellingGeneralAdministrative": "4394000000.00",
            "sellingAndMarketingExpenses": "13181000000.00",
            "grossProfit": "31207000000.00",
            "reconciledDepreciation": "5052000000.00",
            "ebit": "12736000000.00",
            "ebitda": "17788000000.00",
            "depreciationAndAmortization": "5052000000.00",
            "nonOperatingIncomeNetOther": null,
            "operatingIncome": "13824000000.00",
            "otherOperatingExpenses": "40480000000.00",
            "interestExpense": "4273000000.00",
            "taxProvision": "2350000000.00",
            "interestIncome": "431000000.00",
            "netInterestIncome": "-5609000000.00",
            "extraordinaryItems": null,
            "nonRecurring": null,
            "otherItems": null,
            "incomeTaxExpense": "2350000000.00",
            "totalRevenue": "54304000000.00",
            "totalOperatingExpenses": "17383000000.00",
            "costOfRevenue": "23097000000.00",
            "totalOtherIncomeExpenseNet": "-5361000000.00",
            "discontinuedOperations": null,
            "netIncomeFromContinuingOps": "6113000000.00",
            "netIncomeApplicableToCommonShares": "4670000000.00",
            "preferredStockAndOtherAdjustments": null
        },
        "2020-12-31": {
            "date": "2020-12-31",
            "filing_date": "2020-12-31",
            "currency_symbol": "USD",
            "researchDevelopment": "296000000.00",
            "effectOfAccountingCharges": null,
            "incomeBeforeTax": "2079000000.00",
            "minorityInterest": "10327000000.00",
            "netIncome": "1405000000.00",
            "sellingGeneralAdministrative": "3404000000.00",
            "sellingAndMarketingExpenses": "11965000000.00",
            "grossProfit": "27247000000.00",
            "reconciledDepreciation": "4829000000.00",
            "ebit": "6729000000.00",
            "ebitda": "11558000000.00",
            "depreciationAndAmortization": "4829000000.00",
            "nonOperatingIncomeNetOther": null,
            "operatingIncome": "9620000000.00",
            "otherOperatingExpenses": "37261000000.00",
            "interestExpense": "4650000000.00",
            "taxProvision": "1932000000.00",
            "interestIncome": "642000000.00",
            "netInterestIncome": "-7697000000.00",
            "extraordinaryItems": null,
            "nonRecurring": null,
            "otherItems": null,
            "incomeTaxExpense": "1932000000.00",
            "totalRevenue": "46881000000.00",
            "totalOperatingExpenses": "17627000000.00",
            "costOfRevenue": "19634000000.00",
            "totalOtherIncomeExpenseNet": "-7541000000.00",
            "discontinuedOperations": "2055000000.00",
            "netIncomeFromContinuingOps": "147000000.00",
            "netIncomeApplicableToCommonShares": "1405000000.00",
            "preferredStockAndOtherAdjustments": null
        },
        "2019-12-31": {
            "date": "2019-12-31",
            "filing_date": "2019-12-31",
            "currency_symbol": "USD",
            "researchDevelopment": "291000000.00",
            "effectOfAccountingCharges": null,
            "incomeBeforeTax": "12776000000.00",
            "minorityInterest": "8831000000.00",
            "netIncome": "9171000000.00",
            "sellingGeneralAdministrative": "3548000000.00",
            "sellingAndMarketingExpenses": "12873000000.00",
            "grossProfit": "31967000000.00",
            "reconciledDepreciation": "4657000000.00",
            "ebit": "17670000000.00",
            "ebitda": "22327000000.00",
            "depreciationAndAmortization": "4657000000.00",
            "nonOperatingIncomeNetOther": null,
            "operatingIncome": "16098000000.00",
            "otherOperatingExpenses": "36231000000.00",
            "interestExpense": "4894000000.00",
            "taxProvision": "2786000000.00",
            "interestIncome": "2384000000.00",
            "netInterestIncome": "-3720000000.00",
            "extraordinaryItems": "424000000.00",
            "nonRecurring": null,
            "otherItems": null,
            "incomeTaxExpense": "2786000000.00",
            "totalRevenue": "52329000000.00",
            "totalOperatingExpenses": "15869000000.00",
            "costOfRevenue": "20362000000.00",
            "totalOtherIncomeExpenseNet": "-3322000000.00",
            "discontinuedOperations": "424000000.00",
            "netIncomeFromContinuingOps": "9990000000.00",
            "netIncomeApplicableToCommonShares": "9171000000.00",
            "preferredStockAndOtherAdjustments": null
        },
        "2018-12-31": {
            "date": "2018-12-31",
            "filing_date": "2018-12-31",
            "currency_symbol": "USD",
            "researchDevelopment": "276000000.00",
            "effectOfAccountingCharges": null,
            "incomeBeforeTax": "7741000000.00",
            "minorityInterest": "7404000000.00",
            "netIncome": "4370000000.00",
            "sellingGeneralAdministrative": "3421000000.00",
            "sellingAndMarketingExpenses": "13386000000.00",
            "grossProfit": "33108000000.00",
            "reconciledDepreciation": "4260000000.00",
            "ebit": "17002000000.00",
            "ebitda": "21262000000.00",
            "depreciationAndAmortization": "4260000000.00",
            "nonOperatingIncomeNetOther": null,
            "operatingIncome": "16414000000.00",
            "otherOperatingExpenses": "36627000000.00",
            "interestExpense": "9261000000.00",
            "taxProvision": "2701000000.00",
            "interestIncome": "7558000000.00",
            "netInterestIncome": "-6396000000.00",
            "extraordinaryItems": "647000000.00",
            "nonRecurring": null,
            "otherItems": null,
            "incomeTaxExpense": "2585000000.00",
            "totalRevenue": "53041000000.00",
            "totalOperatingExpenses": "16694000000.00",
            "costOfRevenue": "19933000000.00",
            "totalOtherIncomeExpenseNet": "-8673000000.00",
            "discontinuedOperations": "531000000.00",
            "netIncomeFromContinuingOps": "5691000000.00",
            "netIncomeApplicableToCommonShares": "4370000000.00",
            "preferredStockAndOtherAdjustments": null
        },
        "2017-12-31": {
            "date": "2017-12-31",
            "filing_date": "2017-12-31",
            "currency_symbol": "USD",
            "researchDevelopment": "276000000.00",
            "effectOfAccountingCharges": null,
            "incomeBeforeTax": "10264000000.00",
            "minorityInterest": "7635000000.00",
            "netIncome": "7990000000.00",
            "sellingGeneralAdministrative": "3779000000.00",
            "sellingAndMarketingExpenses": "13981000000.00",
            "grossProfit": "33884000000.00",
            "reconciledDepreciation": "4276000000.00",
            "ebit": "15394000000.00",
            "ebitda": "19670000000.00",
            "depreciationAndAmortization": "4276000000.00",
            "nonOperatingIncomeNetOther": null,
            "operatingIncome": "16460000000.00",
            "otherOperatingExpenses": "38399000000.00",
            "interestExpense": "5130000000.00",
            "taxProvision": "1921800000.00",
            "interestIncome": "4841000000.00",
            "netInterestIncome": "-5461000000.00",
            "extraordinaryItems": "29800000.00",
            "nonRecurring": null,
            "otherItems": null,
            "incomeTaxExpense": "1658000000.00",
            "totalRevenue": "54859000000.00",
            "totalOperatingExpenses": "17424000000.00",
            "costOfRevenue": "20975000000.00",
            "totalOtherIncomeExpenseNet": "-6196000000.00",
            "discontinuedOperations": "28000000.00",
            "netIncomeFromContinuingOps": "9156000000.00",
            "netIncomeApplicableToCommonShares": "7996000000.00",
            "preferredStockAndOtherAdjustments": null
        },
        "2016-12-31": {
            "date": "2016-12-31",
            "filing_date": "2016-12-31",
            "currency_symbol": "USD",
            "researchDevelopment": "244000000.00",
            "effectOfAccountingCharges": null,
            "incomeBeforeTax": "4334000000.00",
            "minorityInterest": "10086000000.00",
            "netIncome": "1241000000.00",
            "sellingGeneralAdministrative": "2883000000.00",
            "sellingAndMarketingExpenses": "12288000000.00",
            "grossProfit": "27715000000.00",
            "reconciledDepreciation": null,
            "ebit": "9175000000.00",
            "ebitda": "12652000000.00",
            "depreciationAndAmortization": "3477000000.00",
            "nonOperatingIncomeNetOther": null,
            "operatingIncome": "12882000000.00",
            "otherOperatingExpenses": "32635000000.00",
            "interestExpense": "4841000000.00",
            "taxProvision": "1613000000.00",
            "interestIncome": "4321000000.00",
            "netInterestIncome": "-7676000000.00",
            "extraordinaryItems": "48000000.00",
            "nonRecurring": null,
            "otherItems": null,
            "incomeTaxExpense": "1613000000.00",
            "totalRevenue": "45517000000.00",
            "totalOperatingExpenses": "14832000000.00",
            "costOfRevenue": "17803000000.00",
            "totalOtherIncomeExpenseNet": "-8548000000.00",
            "discontinuedOperations": "48000000.00",
            "netIncomeFromContinuingOps": "2721000000.00",
            "netIncomeApplicableToCommonShares": "1241000000.00",
            "preferredStockAndOtherAdjustments": null
        },
        "2015-12-31": {
            "date": "2015-12-31",
            "filing_date": "2015-12-31",
            "currency_symbol": "USD",
            "researchDevelopment": "207000000.00",
            "effectOfAccountingCharges": null,
            "incomeBeforeTax": "12461000000.00",
            "minorityInterest": "3582000000.00",
            "netIncome": "8273000000.00",
            "sellingGeneralAdministrative": "2560000000.00",
            "sellingAndMarketingExpenses": "11172000000.00",
            "grossProfit": "26467000000.00",
            "reconciledDepreciation": null,
            "ebit": "14710000000.00",
            "ebitda": "17863000000.00",
            "depreciationAndAmortization": "3153000000.00",
            "nonOperatingIncomeNetOther": null,
            "operatingIncome": "13904000000.00",
            "otherOperatingExpenses": "29160000000.00",
            "interestExpense": "2249000000.00",
            "taxProvision": "2594000000.00",
            "interestIncome": "893000000.00",
            "netInterestIncome": null,
            "extraordinaryItems": null,
            "nonRecurring": null,
            "otherItems": null,
            "incomeTaxExpense": "2594000000.00",
            "totalRevenue": "43064000000.00",
            "totalOperatingExpenses": "12023000000.00",
            "costOfRevenue": "17137000000.00",
            "totalOtherIncomeExpenseNet": "-1443000000.00",
            "discontinuedOperations": "48000000.00",
            "netIncomeFromContinuingOps": "9867000000.00",
            "netIncomeApplicableToCommonShares": "8273000000.00",
            "preferredStockAndOtherAdjustments": null
        },
        "2014-12-31": {
            "date": "2014-12-31",
            "filing_date": "2014-12-31",
            "currency_symbol": "USD",
            "researchDevelopment": "217000000.00",
            "effectOfAccountingCharges": null,
            "incomeBeforeTax": "13801000000.00",
            "minorityInterest": "2086000000.00",
            "netIncome": "9216000000.00",
            "sellingGeneralAdministrative": "2791000000.00",
            "sellingAndMarketingExpenses": "11594000000.00",
            "grossProfit": "28307000000.00",
            "reconciledDepreciation": null,
            "ebit": "16258000000.00",
            "ebitda": "19611000000.00",
            "depreciationAndAmortization": "3353000000.00",
            "nonOperatingIncomeNetOther": null,
            "operatingIncome": "15111000000.00",
            "otherOperatingExpenses": "31952000000.00",
            "interestExpense": "2457000000.00",
            "taxProvision": null,
            "interestIncome": null,
            "netInterestIncome": null,
            "extraordinaryItems": null,
            "nonRecurring": null,
            "otherItems": null,
            "incomeTaxExpense": "2499000000.00",
            "totalRevenue": "47063000000.00",
            "totalOperatingExpenses": "13196000000.00",
            "costOfRevenue": "18756000000.00",
            "totalOtherIncomeExpenseNet": "-1310000000.00",
            "discontinuedOperations": "48000000.00",
            "netIncomeFromContinuingOps": "11302000000.00",
            "netIncomeApplicableToCommonShares": "9216000000.00",
            "preferredStockAndOtherAdjustments": null
        },
        "2013-12-31": {
            "date": "2013-12-31",
            "filing_date": "2013-12-31",
            "currency_symbol": "USD",
            "researchDevelopment": "185000000.00",
            "effectOfAccountingCharges": null,
            "incomeBeforeTax": "18534000000.00",
            "minorityInterest": "2124000000.00",
            "netIncome": "14394000000.00",
            "sellingGeneralAdministrative": "2539000000.00",
            "sellingAndMarketingExpenses": "10019000000.00",
            "grossProfit": "25601000000.00",
            "reconciledDepreciation": null,
            "ebit": "21055000000.00",
            "ebitda": "24040000000.00",
            "depreciationAndAmortization": "2985000000.00",
            "nonOperatingIncomeNetOther": null,
            "operatingIncome": "20443000000.00",
            "otherOperatingExpenses": "22752000000.00",
            "interestExpense": "2521000000.00",
            "taxProvision": null,
            "interestIncome": null,
            "netInterestIncome": null,
            "extraordinaryItems": null,
            "nonRecurring": null,
            "otherItems": null,
            "incomeTaxExpense": "2016000000.00",
            "totalRevenue": "43195000000.00",
            "totalOperatingExpenses": "5158000000.00",
            "costOfRevenue": "17594000000.00",
            "totalOtherIncomeExpenseNet": "-1909000000.00",
            "discontinuedOperations": "48000000.00",
            "netIncomeFromContinuingOps": "16518000000.00",
            "netIncomeApplicableToCommonShares": "14394000000.00",
            "preferredStockAndOtherAdjustments": null
        },
        "2012-12-31": {
            "date": "2012-12-31",
            "filing_date": "2012-12-31",
            "currency_symbol": "USD",
            "researchDevelopment": "182000000.00",
            "effectOfAccountingCharges": null,
            "incomeBeforeTax": "11005000000.00",
            "minorityInterest": "2191000000.00",
            "netIncome": "7160000000.00",
            "sellingGeneralAdministrative": "2200000000.00",
            "sellingAndMarketingExpenses": "9041000000.00",
            "grossProfit": "23336000000.00",
            "reconciledDepreciation": null,
            "ebit": "13443000000.00",
            "ebitda": "16190000000.00",
            "depreciationAndAmortization": "2747000000.00",
            "nonOperatingIncomeNetOther": null,
            "operatingIncome": "12747000000.00",
            "otherOperatingExpenses": "27011000000.00",
            "interestExpense": "2438000000.00",
            "taxProvision": null,
            "interestIncome": null,
            "netInterestIncome": null,
            "extraordinaryItems": null,
            "nonRecurring": null,
            "otherItems": null,
            "incomeTaxExpense": "1680000000.00",
            "totalRevenue": "39758000000.00",
            "totalOperatingExpenses": "10589000000.00",
            "costOfRevenue": "16422000000.00",
            "totalOtherIncomeExpenseNet": "-1742000000.00",
            "discontinuedOperations": null,
            "netIncomeFromContinuingOps": null,
            "netIncomeApplicableToCommonShares": "7243000000.00",
            "preferredStockAndOtherAdjustments": null
        },
        "2011-12-31": {
            "date": "2011-12-31",
            "filing_date": "2011-12-31",
            "currency_symbol": "USD",
            "researchDevelopment": "175000000.00",
            "effectOfAccountingCharges": null,
            "incomeBeforeTax": "9685000000.00",
            "minorityInterest": "2104000000.00",
            "netIncome": "5779000000.00",
            "sellingGeneralAdministrative": "2057000000.00",
            "sellingAndMarketingExpenses": "8448000000.00",
            "grossProfit": "22436000000.00",
            "reconciledDepreciation": null,
            "ebit": "12698000000.00",
            "ebitda": "15481000000.00",
            "depreciationAndAmortization": "2783000000.00",
            "nonOperatingIncomeNetOther": null,
            "operatingIncome": "12346000000.00",
            "otherOperatingExpenses": "26700000000.00",
            "interestExpense": "3013000000.00",
            "taxProvision": null,
            "interestIncome": null,
            "netInterestIncome": null,
            "extraordinaryItems": null,
            "nonRecurring": null,
            "otherItems": null,
            "incomeTaxExpense": "1826000000.00",
            "totalRevenue": "39046000000.00",
            "totalOperatingExpenses": "10090000000.00",
            "costOfRevenue": "16610000000.00",
            "totalOtherIncomeExpenseNet": "-2661000000.00",
            "discontinuedOperations": null,
            "netIncomeFromContinuingOps": null,
            "netIncomeApplicableToCommonShares": "5855000000.00",
            "preferredStockAndOtherAdjustments": null
        },
        "2010-12-31": {
            "date": "2010-12-31",
            "filing_date": "2010-12-31",
            "currency_symbol": "USD",
            "researchDevelopment": "184000000.00",
            "effectOfAccountingCharges": null,
            "incomeBeforeTax": "7682000000.00",
            "minorityInterest": "1736000000.00",
            "netIncome": "4026000000.00",
            "sellingGeneralAdministrative": "1960000000.00",
            "sellingAndMarketingExpenses": "7625000000.00",
            "grossProfit": "20146000000.00",
            "reconciledDepreciation": null,
            "ebit": "10871000000.00",
            "ebitda": "13659000000.00",
            "depreciationAndAmortization": "2788000000.00",
            "nonOperatingIncomeNetOther": null,
            "operatingIncome": "10897000000.00",
            "otherOperatingExpenses": "25400000000.00",
            "interestExpense": "3189000000.00",
            "taxProvision": null,
            "interestIncome": null,
            "netInterestIncome": null,
            "extraordinaryItems": null,
            "nonRecurring": null,
            "otherItems": null,
            "incomeTaxExpense": "1920000000.00",
            "totalRevenue": "36297000000.00",
            "totalOperatingExpenses": "9249000000.00",
            "costOfRevenue": "16151000000.00",
            "totalOtherIncomeExpenseNet": "-3215000000.00",
            "discontinuedOperations": null,
            "netIncomeFromContinuingOps": null,
            "netIncomeApplicableToCommonShares": "4026000000.00",
            "preferredStockAndOtherAdjustments": null
        },
        "2009-12-31": {
            "date": "2009-12-31",
            "filing_date": "2009-12-31",
            "currency_symbol": "USD",
            "researchDevelopment": "159000000.00",
            "effectOfAccountingCharges": null,
            "incomeBeforeTax": "7663000000.00",
            "minorityInterest": "1264000000.00",
            "netIncome": "4613000000.00",
            "sellingGeneralAdministrative": "4981000000.00",
            "sellingAndMarketingExpenses": "4992000000.00",
            "grossProfit": "19560000000.00",
            "reconciledDepreciation": null,
            "ebit": "12429000000.00",
            "ebitda": "15247000000.00",
            "depreciationAndAmortization": "2818000000.00",
            "nonOperatingIncomeNetOther": null,
            "operatingIncome": "11569000000.00",
            "otherOperatingExpenses": "25189000000.00",
            "interestExpense": "4766000000.00",
            "taxProvision": null,
            "interestIncome": null,
            "netInterestIncome": null,
            "extraordinaryItems": null,
            "nonRecurring": null,
            "otherItems": null,
            "incomeTaxExpense": "1786000000.00",
            "totalRevenue": "36758000000.00",
            "totalOperatingExpenses": "7991000000.00",
            "costOfRevenue": "17198000000.00",
            "totalOtherIncomeExpenseNet": "-3906000000.00",
            "discontinuedOperations": null,
            "netIncomeFromContinuingOps": null,
            "netIncomeApplicableToCommonShares": "4613000000.00",
            "preferredStockAndOtherAdjustments": null
        },
        "2008-12-31": {
            "date": "2008-12-31",
            "filing_date": "2008-12-31",
            "currency_symbol": "USD",
            "researchDevelopment": "75000000.00",
            "effectOfAccountingCharges": null,
            "incomeBeforeTax": "3800000000.00",
            "minorityInterest": "1199000000.00",
            "netIncome": "1927000000.00",
            "sellingGeneralAdministrative": "4203000000.00",
            "sellingAndMarketingExpenses": "3510000000.00",
            "grossProfit": "13171000000.00",
            "reconciledDepreciation": null,
            "ebit": "5688000000.00",
            "ebitda": "7600000000.00",
            "depreciationAndAmortization": "1912000000.00",
            "nonOperatingIncomeNetOther": null,
            "operatingIncome": "5340000000.00",
            "otherOperatingExpenses": "18167000000.00",
            "interestExpense": "1888000000.00",
            "taxProvision": null,
            "interestIncome": null,
            "netInterestIncome": null,
            "extraordinaryItems": null,
            "nonRecurring": null,
            "otherItems": null,
            "incomeTaxExpense": "674000000.00",
            "totalRevenue": "23507000000.00",
            "totalOperatingExpenses": "7831000000.00",
            "costOfRevenue": "10336000000.00",
            "totalOtherIncomeExpenseNet": "-1540000000.00",
            "discontinuedOperations": null,
            "netIncomeFromContinuingOps": null,
            "netIncomeApplicableToCommonShares": "1927000000.00",
            "preferredStockAndOtherAdjustments": null
        },
        "2007-12-31": {
            "date": "2007-12-31",
            "filing_date": "2007-12-31",
            "currency_symbol": "USD",
            "researchDevelopment": "27000000.00",
            "effectOfAccountingCharges": null,
            "incomeBeforeTax": "5055000000.00",
            "minorityInterest": "1162000000.00",
            "netIncome": "3005000000.00",
            "sellingGeneralAdministrative": "3697000000.00",
            "sellingAndMarketingExpenses": "2919000000.00",
            "grossProfit": "11617000000.00",
            "reconciledDepreciation": null,
            "ebit": "6030000000.00",
            "ebitda": "7531742312.00",
            "depreciationAndAmortization": "1501742312.00",
            "nonOperatingIncomeNetOther": null,
            "operatingIncome": "5872000000.00",
            "otherOperatingExpenses": "13863000000.00",
            "interestExpense": "975000000.00",
            "taxProvision": null,
            "interestIncome": null,
            "netInterestIncome": null,
            "extraordinaryItems": null,
            "nonRecurring": null,
            "otherItems": null,
            "incomeTaxExpense": "888000000.00",
            "totalRevenue": "19735000000.00",
            "totalOperatingExpenses": "5745000000.00",
            "costOfRevenue": "8118000000.00",
            "totalOtherIncomeExpenseNet": "-817000000.00",
            "discontinuedOperations": null,
            "netIncomeFromContinuingOps": null,
            "netIncomeApplicableToCommonShares": "3005000000.00",
            "preferredStockAndOtherAdjustments": null
        },
        "2006-12-31": {
            "date": "2006-12-31",
            "filing_date": "2006-12-31",
            "currency_symbol": "USD",
            "researchDevelopment": "17000000.00",
            "effectOfAccountingCharges": null,
            "incomeBeforeTax": "3506711187.00",
            "minorityInterest": "715000000.00",
            "netIncome": "2805896870.00",
            "sellingGeneralAdministrative": "1418786047.00",
            "sellingAndMarketingExpenses": "4753923108.00",
            "grossProfit": "10335361427.00",
            "reconciledDepreciation": null,
            "ebit": "4350064010.00",
            "ebitda": "5685702595.00",
            "depreciationAndAmortization": "1335638585.00",
            "nonOperatingIncomeNetOther": null,
            "operatingIncome": "4129657247.00",
            "otherOperatingExpenses": "13434254114.00",
            "interestExpense": "843352822.00",
            "taxProvision": null,
            "interestIncome": null,
            "netInterestIncome": null,
            "extraordinaryItems": null,
            "nonRecurring": null,
            "otherItems": null,
            "incomeTaxExpense": "700814317.00",
            "totalRevenue": "17563911362.00",
            "totalOperatingExpenses": "6205704179.00",
            "costOfRevenue": "7228549934.00",
            "totalOtherIncomeExpenseNet": "-622946059.00",
            "discontinuedOperations": null,
            "netIncomeFromContinuingOps": null,
            "netIncomeApplicableToCommonShares": "1411000000.00",
            "preferredStockAndOtherAdjustments": null
        },
        "2005-12-31": {
            "date": "2005-12-31",
            "filing_date": "2005-12-31",
            "currency_symbol": "USD",
            "researchDevelopment": null,
            "effectOfAccountingCharges": null,
            "incomeBeforeTax": "2123627577.00",
            "minorityInterest": "498000000.00",
            "netIncome": "1660527531.00",
            "sellingGeneralAdministrative": "1114519548.00",
            "sellingAndMarketingExpenses": "3920361004.00",
            "grossProfit": "7786239651.00",
            "reconciledDepreciation": null,
            "ebit": "2929018962.00",
            "ebitda": "3980765358.00",
            "depreciationAndAmortization": "1051746396.00",
            "nonOperatingIncomeNetOther": null,
            "operatingIncome": "2603309211.00",
            "otherOperatingExpenses": "11202046641.00",
            "interestExpense": "805391384.00",
            "taxProvision": null,
            "interestIncome": null,
            "netInterestIncome": null,
            "extraordinaryItems": null,
            "nonRecurring": null,
            "otherItems": null,
            "incomeTaxExpense": "463100046.00",
            "totalRevenue": "13805355852.00",
            "totalOperatingExpenses": "5182930440.00",
            "costOfRevenue": "6019116201.00",
            "totalOtherIncomeExpenseNet": "-479681633.00",
            "discontinuedOperations": null,
            "netIncomeFromContinuingOps": null,
            "netIncomeApplicableToCommonShares": "904000000.00",
            "preferredStockAndOtherAdjustments": null
        },
        "2004-12-31": {
            "date": "2004-12-31",
            "filing_date": "2004-12-31",
            "currency_symbol": "USD",
            "researchDevelopment": "14000000.00",
            "effectOfAccountingCharges": null,
            "incomeBeforeTax": "1579275566.00",
            "minorityInterest": "179000000.00",
            "netIncome": "1217330007.00",
            "sellingGeneralAdministrative": "348389545.00",
            "sellingAndMarketingExpenses": "3379514152.00",
            "grossProfit": "6203231753.00",
            "reconciledDepreciation": null,
            "ebit": "2342479123.00",
            "ebitda": "3250732023.00",
            "depreciationAndAmortization": "908252900.00",
            "nonOperatingIncomeNetOther": null,
            "operatingIncome": "1781260167.00",
            "otherOperatingExpenses": "9833532154.00",
            "interestExpense": "233163431.30",
            "taxProvision": null,
            "interestIncome": null,
            "netInterestIncome": null,
            "extraordinaryItems": null,
            "nonRecurring": null,
            "otherItems": null,
            "incomeTaxExpense": "361945559.00",
            "totalRevenue": "11614792321.00",
            "totalOperatingExpenses": "4421971586.00",
            "costOfRevenue": "5411560568.00",
            "totalOtherIncomeExpenseNet": "-201984600.00",
            "discontinuedOperations": null,
            "netIncomeFromContinuingOps": null,
            "netIncomeApplicableToCommonShares": "719000000.00",
            "preferredStockAndOtherAdjustments": null
        },
        "2003-12-31": {
            "date": "2003-12-31",
            "filing_date": "2003-12-31",
            "currency_symbol": "USD",
            "researchDevelopment": "14000000.00",
            "effectOfAccountingCharges": null,
            "incomeBeforeTax": "935732906.00",
            "minorityInterest": "53000000.00",
            "netIncome": "635996121.00",
            "sellingGeneralAdministrative": "774529929.00",
            "sellingAndMarketingExpenses": "2714003249.00",
            "grossProfit": "4608138231.00",
            "reconciledDepreciation": null,
            "ebit": "1056635139.00",
            "ebitda": "1737969597.00",
            "depreciationAndAmortization": "681334458.00",
            "nonOperatingIncomeNetOther": null,
            "operatingIncome": "1056635139.00",
            "otherOperatingExpenses": "7814566200.00",
            "interestExpense": "164981172.00",
            "taxProvision": null,
            "interestIncome": null,
            "netInterestIncome": null,
            "extraordinaryItems": null,
            "nonRecurring": null,
            "otherItems": null,
            "incomeTaxExpense": "232988678.00",
            "totalRevenue": "8871201339.00",
            "totalOperatingExpenses": "3551503091.00",
            "costOfRevenue": "4263063108.00",
            "totalOtherIncomeExpenseNet": "-120902232.00",
            "discontinuedOperations": null,
            "netIncomeFromContinuingOps": null,
            "netIncomeApplicableToCommonShares": "505000000.00",
            "preferredStockAndOtherAdjustments": null
        },
        "2002-12-31": {
            "date": "2002-12-31",
            "filing_date": "2002-12-31",
            "currency_symbol": "USD",
            "researchDevelopment": "15000000.00",
            "effectOfAccountingCharges": null,
            "incomeBeforeTax": "697818399.00",
            "minorityInterest": "36000000.00",
            "netIncome": "490046905.00",
            "sellingGeneralAdministrative": "622265129.00",
            "sellingAndMarketingExpenses": "2177403276.00",
            "grossProfit": "3750380389.00",
            "reconciledDepreciation": null,
            "ebit": "763927510.00",
            "ebitda": "1325330282.00",
            "depreciationAndAmortization": "561402772.00",
            "nonOperatingIncomeNetOther": null,
            "operatingIncome": "763927510.00",
            "otherOperatingExpenses": "6573134516.00",
            "interestExpense": "140613030.84",
            "taxProvision": null,
            "interestIncome": null,
            "netInterestIncome": null,
            "extraordinaryItems": null,
            "nonRecurring": null,
            "otherItems": null,
            "incomeTaxExpense": "169994858.00",
            "totalRevenue": "7337062027.00",
            "totalOperatingExpenses": "2986452878.00",
            "costOfRevenue": "3586681637.00",
            "totalOtherIncomeExpenseNet": "-66109111.00",
            "discontinuedOperations": null,
            "netIncomeFromContinuingOps": null,
            "netIncomeApplicableToCommonShares": "467000000.00",
            "preferredStockAndOtherAdjustments": null
        },
        "2001-12-31": {
            "date": "2001-12-31",
            "filing_date": null,
            "currency_symbol": "USD",
            "researchDevelopment": null,
            "effectOfAccountingCharges": null,
            "incomeBeforeTax": "775000000.00",
            "minorityInterest": "59000000.00",
            "netIncome": "698000000.00",
            "sellingGeneralAdministrative": null,
            "sellingAndMarketingExpenses": null,
            "grossProfit": null,
            "reconciledDepreciation": null,
            "ebit": null,
            "ebitda": null,
            "depreciationAndAmortization": null,
            "nonOperatingIncomeNetOther": null,
            "operatingIncome": "898000000.00",
            "otherOperatingExpenses": null,
            "interestExpense": "0.00",
            "taxProvision": null,
            "interestIncome": null,
            "netInterestIncome": null,
            "extraordinaryItems": null,
            "nonRecurring": null,
            "otherItems": null,
            "incomeTaxExpense": "179000000.00",
            "totalRevenue": "7303000000.00",
            "totalOperatingExpenses": null,
            "costOfRevenue": null,
            "totalOtherIncomeExpenseNet": null,
            "discontinuedOperations": null,
            "netIncomeFromContinuingOps": null,
            "netIncomeApplicableToCommonShares": "698000000.00",
            "preferredStockAndOtherAdjustments": null
        },
        "2000-12-31": {
            "date": "2000-12-31",
            "filing_date": null,
            "currency_symbol": "USD",
            "researchDevelopment": null,
            "effectOfAccountingCharges": null,
            "incomeBeforeTax": null,
            "minorityInterest": null,
            "netIncome": null,
            "sellingGeneralAdministrative": null,
            "sellingAndMarketingExpenses": null,
            "grossProfit": null,
            "reconciledDepreciation": null,
            "ebit": null,
            "ebitda": null,
            "depreciationAndAmortization": null,
            "nonOperatingIncomeNetOther": null,
            "operatingIncome": "644400000.00",
            "otherOperatingExpenses": null,
            "interestExpense": "0.00",
            "taxProvision": null,
            "interestIncome": null,
            "netInterestIncome": null,
            "extraordinaryItems": null,
            "nonRecurring": null,
            "otherItems": null,
            "incomeTaxExpense": "16300000.00",
            "totalRevenue": "7999600000.00",
            "totalOperatingExpenses": null,
            "costOfRevenue": null,
            "totalOtherIncomeExpenseNet": null,
            "discontinuedOperations": null,
            "netIncomeFromContinuingOps": null,
            "netIncomeApplicableToCommonShares": null,
            "preferredStockAndOtherAdjustments": null
        }
    }
}