{
    "currency_symbol": "EUR",
    "quarterly": {
        "2025-06-30": {
            "date": "2025-06-30",
            "filing_date": null,
            "currency_symbol": "EUR",
            "researchDevelopment": null,
            "effectOfAccountingCharges": null,
            "incomeBeforeTax": "437467000.00",
            "minorityInterest": "-55450000.00",
            "netIncome": "280913000.00",
            "sellingGeneralAdministrative": null,
            "sellingAndMarketingExpenses": null,
            "grossProfit": "1372207000.00",
            "reconciledDepreciation": "484342000.00",
            "ebit": "672158000.00",
            "ebitda": null,
            "depreciationAndAmortization": null,
            "nonOperatingIncomeNetOther": null,
            "operatingIncome": "672158000.00",
            "otherOperatingExpenses": null,
            "interestExpense": "538178000.00",
            "taxProvision": "101189000.00",
            "interestIncome": "305710000.00",
            "netInterestIncome": "-232468000.00",
            "extraordinaryItems": null,
            "nonRecurring": null,
            "otherItems": null,
            "incomeTaxExpense": null,
            "totalRevenue": "3568036000.00",
            "totalOperatingExpenses": "2895878000.00",
            "costOfRevenue": "2195829000.00",
            "totalOtherIncomeExpenseNet": null,
            "discontinuedOperations": null,
            "netIncomeFromContinuingOps": "336278000.00",
            "netIncomeApplicableToCommonShares": null,
            "preferredStockAndOtherAdjustments": null
        },
        "2025-03-31": {
            "date": "2025-03-31",
            "filing_date": null,
            "currency_symbol": "EUR",
            "researchDevelopment": null,
            "effectOfAccountingCharges": null,
            "incomeBeforeTax": "708470000.00",
            "minorityInterest": "-57136000.00",
            "netIncome": "428062000.00",
            "sellingGeneralAdministrative": null,
            "sellingAndMarketingExpenses": null,
            "grossProfit": "1760280000.00",
            "reconciledDepreciation": "480713000.00",
            "ebit": "816794000.00",
            "ebitda": null,
            "depreciationAndAmortization": null,
            "nonOperatingIncomeNetOther": null,
            "operatingIncome": "816794000.00",
            "otherOperatingExpenses": null,
            "interestExpense": "312269000.00",
            "taxProvision": "179201000.00",
            "interestIncome": "87035000.00",
            "netInterestIncome": "-235926000.00",
            "extraordinaryItems": null,
            "nonRecurring": null,
            "otherItems": null,
            "incomeTaxExpense": null,
            "totalRevenue": "4086755000.00",
            "totalOperatingExpenses": "3269961000.00",
            "costOfRevenue": "2326475000.00",
            "totalOtherIncomeExpenseNet": null,
            "discontinuedOperations": null,
            "netIncomeFromContinuingOps": "529269000.00",
            "netIncomeApplicableToCommonShares": null,
            "preferredStockAndOtherAdjustments": null
        },
        "2024-12-31": {
            "date": "2024-12-31",
            "filing_date": null,
            "currency_symbol": "EUR",
            "researchDevelopment": null,
            "effectOfAccountingCharges": null,
            "incomeBeforeTax": "-561585000.00",
            "minorityInterest": "178859000.00",
            "netIncome": "-281555000.00",
            "sellingGeneralAdministrative": null,
            "sellingAndMarketingExpenses": null,
            "grossProfit": "1313166000.00",
            "reconciledDepreciation": "1090612000.00",
            "ebit": "-264679000.00",
            "ebitda": null,
            "depreciationAndAmortization": null,
            "nonOperatingIncomeNetOther": null,
            "operatingIncome": "-264679000.00",
            "otherOperatingExpenses": null,
            "interestExpense": "265397000.00",
            "taxProvision": "-101008000.00",
            "interestIncome": "69391000.00",
            "netInterestIncome": "-236481000.00",
            "extraordinaryItems": null,
            "nonRecurring": null,
            "otherItems": null,
            "incomeTaxExpense": null,
            "totalRevenue": "4145649000.00",
            "totalOperatingExpenses": "4410328000.00",
            "costOfRevenue": "2832483000.00",
            "totalOtherIncomeExpenseNet": null,
            "discontinuedOperations": null,
            "netIncomeFromContinuingOps": "-460577000.00",
            "netIncomeApplicableToCommonShares": null,
            "preferredStockAndOtherAdjustments": null
        },
        "2024-09-30": {
            "date": "2024-09-30",
            "filing_date": null,
            "currency_symbol": "EUR",
            "researchDevelopment": null,
            "effectOfAccountingCharges": null,
            "incomeBeforeTax": "570049000.00",
            "minorityInterest": "-21105000.00",
            "netIncome": "320300000.00",
            "sellingGeneralAdministrative": null,
            "sellingAndMarketingExpenses": null,
            "grossProfit": "1442665000.00",
            "reconciledDepreciation": "440602000.00",
            "ebit": "806602000.00",
            "ebitda": null,
            "depreciationAndAmortization": null,
            "nonOperatingIncomeNetOther": null,
            "operatingIncome": "806602000.00",
            "otherOperatingExpenses": null,
            "interestExpense": "518222000.00",
            "taxProvision": "228996000.00",
            "interestIncome": "321959000.00",
            "netInterestIncome": "-196263000.00",
            "extraordinaryItems": null,
            "nonRecurring": null,
            "otherItems": null,
            "incomeTaxExpense": null,
            "totalRevenue": "3659096000.00",
            "totalOperatingExpenses": "2852494000.00",
            "costOfRevenue": "2216431000.00",
            "totalOtherIncomeExpenseNet": null,
            "discontinuedOperations": null,
            "netIncomeFromContinuingOps": "341053000.00",
            "netIncomeApplicableToCommonShares": null,
            "preferredStockAndOtherAdjustments": null
        },
        "2024-06-30": {
            "date": "2024-06-30",
            "filing_date": null,
            "currency_symbol": "EUR",
            "researchDevelopment": null,
            "effectOfAccountingCharges": null,
            "incomeBeforeTax": "694754000.00",
            "minorityInterest": "-67261000.00",
            "netIncome": "407952000.00",
            "sellingGeneralAdministrative": null,
            "sellingAndMarketingExpenses": null,
            "grossProfit": "1477046000.00",
            "reconciledDepreciation": "427218000.00",
            "ebit": "843495000.00",
            "ebitda": null,
            "depreciationAndAmortization": null,
            "nonOperatingIncomeNetOther": null,
            "operatingIncome": "843495000.00",
            "otherOperatingExpenses": null,
            "interestExpense": "432617000.00",
            "taxProvision": "219541000.00",
            "interestIncome": "207742000.00",
            "netInterestIncome": "-224875000.00",
            "extraordinaryItems": null,
            "nonRecurring": null,
            "otherItems": null,
            "incomeTaxExpense": null,
            "totalRevenue": "3402177000.00",
            "totalOperatingExpenses": "2558682000.00",
            "costOfRevenue": "1925131000.00",
            "totalOtherIncomeExpenseNet": null,
            "discontinuedOperations": null,
            "netIncomeFromContinuingOps": "475213000.00",
            "netIncomeApplicableToCommonShares": null,
            "preferredStockAndOtherAdjustments": null
        },
        "2024-03-31": {
            "date": "2024-03-31",
            "filing_date": null,
            "currency_symbol": "EUR",
            "researchDevelopment": null,
            "effectOfAccountingCharges": null,
            "incomeBeforeTax": "676275000.00",
            "minorityInterest": "-114903000.00",
            "netIncome": "354283000.00",
            "sellingGeneralAdministrative": null,
            "sellingAndMarketingExpenses": null,
            "grossProfit": "1523790000.00",
            "reconciledDepreciation": "426766000.00",
            "ebit": "661788000.00",
            "ebitda": null,
            "depreciationAndAmortization": null,
            "nonOperatingIncomeNetOther": null,
            "operatingIncome": "661788000.00",
            "otherOperatingExpenses": null,
            "interestExpense": "283674000.00",
            "taxProvision": "158826000.00",
            "interestIncome": "93285000.00",
            "netInterestIncome": "-218658000.00",
            "extraordinaryItems": null,
            "nonRecurring": null,
            "otherItems": null,
            "incomeTaxExpense": null,
            "totalRevenue": "3758840000.00",
            "totalOperatingExpenses": "3097052000.00",
            "costOfRevenue": "2235050000.00",
            "totalOtherIncomeExpenseNet": null,
            "discontinuedOperations": null,
            "netIncomeFromContinuingOps": "517449000.00",
            "netIncomeApplicableToCommonShares": null,
            "preferredStockAndOtherAdjustments": null
        },
        "2023-12-31": {
            "date": "2023-12-31",
            "filing_date": null,
            "currency_symbol": "EUR",
            "researchDevelopment": null,
            "effectOfAccountingCharges": null,
            "incomeBeforeTax": "112442000.00",
            "minorityInterest": "-20776000.00",
            "netIncome": "6768000.00",
            "sellingGeneralAdministrative": null,
            "sellingAndMarketingExpenses": null,
            "grossProfit": "1498827000.00",
            "reconciledDepreciation": "670698000.00",
            "ebit": "448290000.00",
            "ebitda": null,
            "depreciationAndAmortization": null,
            "nonOperatingIncomeNetOther": null,
            "operatingIncome": "448290000.00",
            "otherOperatingExpenses": null,
            "interestExpense": "315840000.00",
            "taxProvision": "84892000.00",
            "interestIncome": "88035000.00",
            "netInterestIncome": "-236540000.00",
            "extraordinaryItems": null,
            "nonRecurring": null,
            "otherItems": null,
            "incomeTaxExpense": null,
            "totalRevenue": "3944043000.00",
            "totalOperatingExpenses": "3495753000.00",
            "costOfRevenue": "2445216000.00",
            "totalOtherIncomeExpenseNet": null,
            "discontinuedOperations": null,
            "netIncomeFromContinuingOps": "27550000.00",
            "netIncomeApplicableToCommonShares": null,
            "preferredStockAndOtherAdjustments": null
        },
        "2023-09-30": {
            "date": "2023-09-30",
            "filing_date": null,
            "currency_symbol": "EUR",
            "researchDevelopment": null,
            "effectOfAccountingCharges": null,
            "incomeBeforeTax": "719034000.00",
            "minorityInterest": "-138409000.00",
            "netIncome": "508821000.00",
            "sellingGeneralAdministrative": null,
            "sellingAndMarketingExpenses": null,
            "grossProfit": "1207171000.00",
            "reconciledDepreciation": "427637000.00",
            "ebit": "399736000.00",
            "ebitda": null,
            "depreciationAndAmortization": null,
            "nonOperatingIncomeNetOther": null,
            "operatingIncome": "399736000.00",
            "otherOperatingExpenses": null,
            "interestExpense": "385254000.00",
            "taxProvision": "71804000.00",
            "interestIncome": "166284000.00",
            "netInterestIncome": "-218970000.00",
            "extraordinaryItems": null,
            "nonRecurring": null,
            "otherItems": null,
            "incomeTaxExpense": null,
            "totalRevenue": "4012905000.00",
            "totalOperatingExpenses": "3613169000.00",
            "costOfRevenue": "2805734000.00",
            "totalOtherIncomeExpenseNet": null,
            "discontinuedOperations": null,
            "netIncomeFromContinuingOps": "647230000.00",
            "netIncomeApplicableToCommonShares": null,
            "preferredStockAndOtherAdjustments": null
        },
        "2023-06-30": {
            "date": "2023-06-30",
            "filing_date": null,
            "currency_symbol": "EUR",
            "researchDevelopment": null,
            "effectOfAccountingCharges": null,
            "incomeBeforeTax": "326681000.00",
            "minorityInterest": "-69469000.00",
            "netIncome": "134100000.00",
            "sellingGeneralAdministrative": null,
            "sellingAndMarketingExpenses": null,
            "grossProfit": "1268753000.00",
            "reconciledDepreciation": "536309000.00",
            "ebit": "363497000.00",
            "ebitda": "1386938000.00",
            "depreciationAndAmortization": null,
            "nonOperatingIncomeNetOther": null,
            "operatingIncome": "363497000.00",
            "otherOperatingExpenses": null,
            "interestExpense": "523948000.00",
            "taxProvision": "124191000.00",
            "interestIncome": "367662000.00",
            "netInterestIncome": "-156286000.00",
            "extraordinaryItems": null,
            "nonRecurring": null,
            "otherItems": null,
            "incomeTaxExpense": null,
            "totalRevenue": "3761855000.00",
            "totalOperatingExpenses": "3398358000.00",
            "costOfRevenue": "2493102000.00",
            "totalOtherIncomeExpenseNet": null,
            "discontinuedOperations": null,
            "netIncomeFromContinuingOps": "202490000.00",
            "netIncomeApplicableToCommonShares": "134000000.00",
            "preferredStockAndOtherAdjustments": null
        },
        "2023-03-31": {
            "date": "2023-03-31",
            "filing_date": null,
            "currency_symbol": "EUR",
            "researchDevelopment": null,
            "effectOfAccountingCharges": null,
            "incomeBeforeTax": "729817000.00",
            "minorityInterest": "-150388000.00",
            "netIncome": "302659000.00",
            "sellingGeneralAdministrative": null,
            "sellingAndMarketingExpenses": null,
            "grossProfit": "1846295000.00",
            "reconciledDepreciation": "424329000.00",
            "ebit": "880862000.00",
            "ebitda": "1462021000.00",
            "depreciationAndAmortization": null,
            "nonOperatingIncomeNetOther": null,
            "operatingIncome": "880862000.00",
            "otherOperatingExpenses": null,
            "interestExpense": "307875000.00",
            "taxProvision": "226332000.00",
            "interestIncome": "78244000.00",
            "netInterestIncome": "-242919000.00",
            "extraordinaryItems": null,
            "nonRecurring": null,
            "otherItems": null,
            "incomeTaxExpense": null,
            "totalRevenue": "4483505000.00",
            "totalOperatingExpenses": "3602643000.00",
            "costOfRevenue": "2637210000.00",
            "totalOtherIncomeExpenseNet": null,
            "discontinuedOperations": null,
            "netIncomeFromContinuingOps": "503485000.00",
            "netIncomeApplicableToCommonShares": "134000000.00",
            "preferredStockAndOtherAdjustments": null
        },
        "2022-12-31": {
            "date": "2022-12-31",
            "filing_date": null,
            "currency_symbol": "EUR",
            "researchDevelopment": null,
            "effectOfAccountingCharges": null,
            "incomeBeforeTax": "372968000.00",
            "minorityInterest": "-41058000.00",
            "netIncome": "161404000.00",
            "sellingGeneralAdministrative": null,
            "sellingAndMarketingExpenses": null,
            "grossProfit": "1142518000.00",
            "reconciledDepreciation": "791296000.00",
            "ebit": "750004000.00",
            "ebitda": "1456015000.00",
            "depreciationAndAmortization": null,
            "nonOperatingIncomeNetOther": null,
            "operatingIncome": "358665000.00",
            "otherOperatingExpenses": "72626000.00",
            "interestExpense": "291751000.00",
            "taxProvision": "170056000.00",
            "interestIncome": "68005000.00",
            "netInterestIncome": "-243819000.00",
            "extraordinaryItems": null,
            "nonRecurring": null,
            "otherItems": null,
            "incomeTaxExpense": "170056000.00",
            "totalRevenue": "4803850000.00",
            "totalOperatingExpenses": "4445185000.00",
            "costOfRevenue": "3661332000.00",
            "totalOtherIncomeExpenseNet": null,
            "discontinuedOperations": null,
            "netIncomeFromContinuingOps": "202912000.00",
            "netIncomeApplicableToCommonShares": "161404000.00",
            "preferredStockAndOtherAdjustments": null
        },
        "2022-09-30": {
            "date": "2022-09-30",
            "filing_date": null,
            "currency_symbol": "EUR",
            "researchDevelopment": null,
            "effectOfAccountingCharges": null,
            "incomeBeforeTax": "439767000.00",
            "minorityInterest": "-143494000.00",
            "netIncome": "211112000.00",
            "sellingGeneralAdministrative": null,
            "sellingAndMarketingExpenses": null,
            "grossProfit": "1132325000.00",
            "reconciledDepreciation": "409021000.00",
            "ebit": "309330000.00",
            "ebitda": "1348806000.00",
            "depreciationAndAmortization": null,
            "nonOperatingIncomeNetOther": null,
            "operatingIncome": "330034000.00",
            "otherOperatingExpenses": "202409000.00",
            "interestExpense": "500018000.00",
            "taxProvision": "84568000.00",
            "interestIncome": "304278000.00",
            "netInterestIncome": "-195740000.00",
            "extraordinaryItems": null,
            "nonRecurring": null,
            "otherItems": null,
            "incomeTaxExpense": "84568000.00",
            "totalRevenue": "5680271000.00",
            "totalOperatingExpenses": "5350237000.00",
            "costOfRevenue": "4547946000.00",
            "totalOtherIncomeExpenseNet": null,
            "discontinuedOperations": null,
            "netIncomeFromContinuingOps": "355199000.00",
            "netIncomeApplicableToCommonShares": "211112000.00",
            "preferredStockAndOtherAdjustments": null
        },
        "2022-06-30": {
            "date": "2022-06-30",
            "filing_date": null,
            "currency_symbol": "EUR",
            "researchDevelopment": null,
            "effectOfAccountingCharges": null,
            "incomeBeforeTax": "658853000.00",
            "minorityInterest": "-155545000.00",
            "netIncome": "382845000.00",
            "sellingGeneralAdministrative": null,
            "sellingAndMarketingExpenses": null,
            "grossProfit": "1471819000.00",
            "reconciledDepreciation": "413530000.00",
            "ebit": "632356000.00",
            "ebitda": "1447137000.00",
            "depreciationAndAmortization": null,
            "nonOperatingIncomeNetOther": null,
            "operatingIncome": "647367000.00",
            "otherOperatingExpenses": "212698000.00",
            "interestExpense": "374754000.00",
            "taxProvision": "120368000.00",
            "interestIncome": "163701000.00",
            "netInterestIncome": "-211053000.00",
            "extraordinaryItems": null,
            "nonRecurring": null,
            "otherItems": null,
            "incomeTaxExpense": "120368000.00",
            "totalRevenue": "4663488000.00",
            "totalOperatingExpenses": "4016121000.00",
            "costOfRevenue": "3191669000.00",
            "totalOtherIncomeExpenseNet": null,
            "discontinuedOperations": null,
            "netIncomeFromContinuingOps": "538485000.00",
            "netIncomeApplicableToCommonShares": "382845000.00",
            "preferredStockAndOtherAdjustments": null
        },
        "2022-03-31": {
            "date": "2022-03-31",
            "filing_date": null,
            "currency_symbol": "EUR",
            "researchDevelopment": null,
            "effectOfAccountingCharges": null,
            "incomeBeforeTax": "148185000.00",
            "minorityInterest": "-150651000.00",
            "netIncome": "-76360000.00",
            "sellingGeneralAdministrative": null,
            "sellingAndMarketingExpenses": null,
            "grossProfit": "1059339000.00",
            "reconciledDepreciation": "386062000.00",
            "ebit": "116475000.00",
            "ebitda": "762554000.00",
            "depreciationAndAmortization": null,
            "nonOperatingIncomeNetOther": null,
            "operatingIncome": "135515000.00",
            "otherOperatingExpenses": "147779000.00",
            "interestExpense": "228307000.00",
            "taxProvision": "23498000.00",
            "interestIncome": "39175000.00",
            "netInterestIncome": "-190678000.00",
            "extraordinaryItems": null,
            "nonRecurring": null,
            "otherItems": null,
            "incomeTaxExpense": "23498000.00",
            "totalRevenue": "5503155000.00",
            "totalOperatingExpenses": "5367640000.00",
            "costOfRevenue": "4443816000.00",
            "totalOtherIncomeExpenseNet": null,
            "discontinuedOperations": null,
            "netIncomeFromContinuingOps": "124687000.00",
            "netIncomeApplicableToCommonShares": "-76360000.00",
            "preferredStockAndOtherAdjustments": null
        },
        "2021-12-31": {
            "date": "2021-12-31",
            "filing_date": null,
            "currency_symbol": "EUR",
            "researchDevelopment": null,
            "effectOfAccountingCharges": null,
            "incomeBeforeTax": "420706000.00",
            "minorityInterest": "-248092000.00",
            "netIncome": "146218000.00",
            "sellingGeneralAdministrative": null,
            "sellingAndMarketingExpenses": null,
            "grossProfit": "828980000.00",
            "reconciledDepreciation": "633911000.00",
            "ebit": "201975000.00",
            "ebitda": "1249287000.00",
            "depreciationAndAmortization": null,
            "nonOperatingIncomeNetOther": null,
            "operatingIncome": "-2396000.00",
            "otherOperatingExpenses": "62767000.00",
            "interestExpense": "194670000.00",
            "taxProvision": "24865000.00",
            "interestIncome": "34528000.00",
            "netInterestIncome": "-172042000.00",
            "extraordinaryItems": null,
            "nonRecurring": null,
            "otherItems": null,
            "incomeTaxExpense": "24865000.00",
            "totalRevenue": "4982370000.00",
            "totalOperatingExpenses": "4984766000.00",
            "costOfRevenue": "4153390000.00",
            "totalOtherIncomeExpenseNet": null,
            "discontinuedOperations": null,
            "netIncomeFromContinuingOps": "395841000.00",
            "netIncomeApplicableToCommonShares": "146218000.00",
            "preferredStockAndOtherAdjustments": null
        },
        "2021-09-30": {
            "date": "2021-09-30",
            "filing_date": null,
            "currency_symbol": "EUR",
            "researchDevelopment": null,
            "effectOfAccountingCharges": null,
            "incomeBeforeTax": "287233000.00",
            "minorityInterest": "-45522000.00",
            "netIncome": "167183000.00",
            "sellingGeneralAdministrative": null,
            "sellingAndMarketingExpenses": null,
            "grossProfit": "1218452000.00",
            "reconciledDepreciation": "375533000.00",
            "ebit": "260039000.00",
            "ebitda": "891270000.00",
            "depreciationAndAmortization": null,
            "nonOperatingIncomeNetOther": null,
            "operatingIncome": "271241000.00",
            "otherOperatingExpenses": "205544000.00",
            "interestExpense": "228504000.00",
            "taxProvision": "74344000.00",
            "interestIncome": "126510000.00",
            "netInterestIncome": "-101994000.00",
            "extraordinaryItems": null,
            "nonRecurring": null,
            "otherItems": null,
            "incomeTaxExpense": "74344000.00",
            "totalRevenue": "3917290000.00",
            "totalOperatingExpenses": "3646049000.00",
            "costOfRevenue": "2698838000.00",
            "totalOtherIncomeExpenseNet": null,
            "discontinuedOperations": null,
            "netIncomeFromContinuingOps": "212889000.00",
            "netIncomeApplicableToCommonShares": "167183000.00",
            "preferredStockAndOtherAdjustments": null
        },
        "2021-06-30": {
            "date": "2021-06-30",
            "filing_date": null,
            "currency_symbol": "EUR",
            "researchDevelopment": null,
            "effectOfAccountingCharges": null,
            "incomeBeforeTax": "339225000.00",
            "minorityInterest": "4534777000.00",
            "netIncome": "163772000.00",
            "sellingGeneralAdministrative": null,
            "sellingAndMarketingExpenses": null,
            "grossProfit": "1107549000.00",
            "reconciledDepreciation": "366184000.00",
            "ebit": "205097000.00",
            "ebitda": "908384000.00",
            "depreciationAndAmortization": null,
            "nonOperatingIncomeNetOther": null,
            "operatingIncome": "216033000.00",
            "otherOperatingExpenses": "141018000.00",
            "interestExpense": "202975000.00",
            "taxProvision": "99893000.00",
            "interestIncome": "71805000.00",
            "netInterestIncome": "-131170000.00",
            "extraordinaryItems": null,
            "nonRecurring": null,
            "otherItems": null,
            "incomeTaxExpense": "99893000.00",
            "totalRevenue": "2995206000.00",
            "totalOperatingExpenses": "2779173000.00",
            "costOfRevenue": "1887657000.00",
            "totalOtherIncomeExpenseNet": null,
            "discontinuedOperations": null,
            "netIncomeFromContinuingOps": "239332000.00",
            "netIncomeApplicableToCommonShares": "163772000.00",
            "preferredStockAndOtherAdjustments": null
        },
        "2021-03-31": {
            "date": "2021-03-31",
            "filing_date": null,
            "currency_symbol": "EUR",
            "researchDevelopment": null,
            "effectOfAccountingCharges": null,
            "incomeBeforeTax": "372688000.00",
            "minorityInterest": "3506264000.00",
            "netIncome": "179544000.00",
            "sellingGeneralAdministrative": null,
            "sellingAndMarketingExpenses": null,
            "grossProfit": "1228278000.00",
            "reconciledDepreciation": "356127000.00",
            "ebit": "385340000.00",
            "ebitda": "886323000.00",
            "depreciationAndAmortization": null,
            "nonOperatingIncomeNetOther": null,
            "operatingIncome": "390570000.00",
            "otherOperatingExpenses": "131618000.00",
            "interestExpense": "157508000.00",
            "taxProvision": "62790000.00",
            "interestIncome": "27756000.00",
            "netInterestIncome": "-140948000.00",
            "extraordinaryItems": null,
            "nonRecurring": null,
            "otherItems": null,
            "incomeTaxExpense": "62790000.00",
            "totalRevenue": "3088043000.00",
            "totalOperatingExpenses": "2697473000.00",
            "costOfRevenue": "1859765000.00",
            "totalOtherIncomeExpenseNet": null,
            "discontinuedOperations": null,
            "netIncomeFromContinuingOps": "309898000.00",
            "netIncomeApplicableToCommonShares": "179544000.00",
            "preferredStockAndOtherAdjustments": null
        },
        "2020-12-31": {
            "date": "2020-12-31",
            "filing_date": null,
            "currency_symbol": "EUR",
            "researchDevelopment": null,
            "effectOfAccountingCharges": null,
            "incomeBeforeTax": "652262000.00",
            "minorityInterest": "3495754000.00",
            "netIncome": "378391000.00",
            "sellingGeneralAdministrative": null,
            "sellingAndMarketingExpenses": null,
            "grossProfit": "1242054000.00",
            "reconciledDepreciation": "524347000.00",
            "ebit": "460957000.00",
            "ebitda": "1290509000.00",
            "depreciationAndAmortization": null,
            "nonOperatingIncomeNetOther": null,
            "operatingIncome": "278019000.00",
            "otherOperatingExpenses": "3612000.00",
            "interestExpense": "113900000.00",
            "taxProvision": "135743000.00",
            "interestIncome": "16143000.00",
            "netInterestIncome": "-161606000.00",
            "extraordinaryItems": null,
            "nonRecurring": null,
            "otherItems": null,
            "incomeTaxExpense": "135743000.00",
            "totalRevenue": "3388942000.00",
            "totalOperatingExpenses": "3110923000.00",
            "costOfRevenue": "2146888000.00",
            "totalOtherIncomeExpenseNet": null,
            "discontinuedOperations": null,
            "netIncomeFromContinuingOps": "516519000.00",
            "netIncomeApplicableToCommonShares": "378391000.00",
            "preferredStockAndOtherAdjustments": null
        },
        "2020-09-30": {
            "date": "2020-09-30",
            "filing_date": null,
            "currency_symbol": "EUR",
            "researchDevelopment": null,
            "effectOfAccountingCharges": null,
            "incomeBeforeTax": "198917000.00",
            "minorityInterest": "3375118000.00",
            "netIncome": "107688000.00",
            "sellingGeneralAdministrative": null,
            "sellingAndMarketingExpenses": null,
            "grossProfit": "1119447000.00",
            "reconciledDepreciation": "339678000.00",
            "ebit": "202187000.00",
            "ebitda": "844296000.00",
            "depreciationAndAmortization": null,
            "nonOperatingIncomeNetOther": null,
            "operatingIncome": "216308000.00",
            "otherOperatingExpenses": "213782000.00",
            "interestExpense": "305701000.00",
            "taxProvision": "39188000.00",
            "interestIncome": "168427000.00",
            "netInterestIncome": "-137274000.00",
            "extraordinaryItems": null,
            "nonRecurring": null,
            "otherItems": null,
            "incomeTaxExpense": "39188000.00",
            "totalRevenue": "2876376000.00",
            "totalOperatingExpenses": "2660068000.00",
            "costOfRevenue": "1756929000.00",
            "totalOtherIncomeExpenseNet": null,
            "discontinuedOperations": null,
            "netIncomeFromContinuingOps": "159729000.00",
            "netIncomeApplicableToCommonShares": "107688000.00",
            "preferredStockAndOtherAdjustments": null
        },
        "2020-06-30": {
            "date": "2020-06-30",
            "filing_date": null,
            "currency_symbol": "EUR",
            "researchDevelopment": null,
            "effectOfAccountingCharges": null,
            "incomeBeforeTax": "293063000.00",
            "minorityInterest": "3487244000.00",
            "netIncome": "168762000.00",
            "sellingGeneralAdministrative": null,
            "sellingAndMarketingExpenses": null,
            "grossProfit": "1182245000.00",
            "reconciledDepreciation": "401149000.00",
            "ebit": "856160000.00",
            "ebitda": "856160000.00",
            "depreciationAndAmortization": null,
            "nonOperatingIncomeNetOther": null,
            "operatingIncome": "226871000.00",
            "otherOperatingExpenses": "196625000.00",
            "interestExpense": "161948000.00",
            "taxProvision": "41755000.00",
            "interestIncome": null,
            "netInterestIncome": "-161948000.00",
            "extraordinaryItems": null,
            "nonRecurring": null,
            "otherItems": null,
            "incomeTaxExpense": "41755000.00",
            "totalRevenue": "2680925000.00",
            "totalOperatingExpenses": "2454054000.00",
            "costOfRevenue": "1498680000.00",
            "totalOtherIncomeExpenseNet": null,
            "discontinuedOperations": null,
            "netIncomeFromContinuingOps": "251308000.00",
            "netIncomeApplicableToCommonShares": "168762000.00",
            "preferredStockAndOtherAdjustments": null
        },
        "2020-03-31": {
            "date": "2020-03-31",
            "filing_date": null,
            "currency_symbol": "EUR",
            "researchDevelopment": null,
            "effectOfAccountingCharges": null,
            "incomeBeforeTax": "391172000.00",
            "minorityInterest": "3563694000.00",
            "netIncome": "145851000.00",
            "sellingGeneralAdministrative": "20875000.00",
            "sellingAndMarketingExpenses": null,
            "grossProfit": "1390320000.00",
            "reconciledDepreciation": "366657000.00",
            "ebit": "937727000.00",
            "ebitda": "937727000.00",
            "depreciationAndAmortization": null,
            "nonOperatingIncomeNetOther": null,
            "operatingIncome": "516572000.00",
            "otherOperatingExpenses": "156204000.00",
            "interestExpense": "179898000.00",
            "taxProvision": "92426000.00",
            "interestIncome": "37584000.00",
            "netInterestIncome": "-200278000.00",
            "extraordinaryItems": null,
            "nonRecurring": null,
            "otherItems": null,
            "incomeTaxExpense": "92426000.00",
            "totalRevenue": "3501962000.00",
            "totalOperatingExpenses": "2985390000.00",
            "costOfRevenue": "2111642000.00",
            "totalOtherIncomeExpenseNet": null,
            "discontinuedOperations": null,
            "netIncomeFromContinuingOps": "298746000.00",
            "netIncomeApplicableToCommonShares": "145851000.00",
            "preferredStockAndOtherAdjustments": null
        },
        "2019-12-31": {
            "date": "2019-12-31",
            "filing_date": null,
            "currency_symbol": "EUR",
            "researchDevelopment": null,
            "effectOfAccountingCharges": null,
            "incomeBeforeTax": "253998000.00",
            "minorityInterest": "3773826000.00",
            "netIncome": "51406000.00",
            "sellingGeneralAdministrative": "28377000.00",
            "sellingAndMarketingExpenses": null,
            "grossProfit": "1294886000.00",
            "reconciledDepreciation": null,
            "ebit": "1134983000.00",
            "ebitda": null,
            "depreciationAndAmortization": null,
            "nonOperatingIncomeNetOther": null,
            "operatingIncome": "199146000.00",
            "otherOperatingExpenses": "66674000.00",
            "interestExpense": "208129000.00",
            "taxProvision": "80382000.00",
            "interestIncome": "91290000.00",
            "netInterestIncome": "-155587000.00",
            "extraordinaryItems": null,
            "nonRecurring": null,
            "otherItems": null,
            "incomeTaxExpense": "80382000.00",
            "totalRevenue": "3886221000.00",
            "totalOperatingExpenses": "3687075000.00",
            "costOfRevenue": "2591335000.00",
            "totalOtherIncomeExpenseNet": "-255714000.00",
            "discontinuedOperations": null,
            "netIncomeFromContinuingOps": "173616000.00",
            "netIncomeApplicableToCommonShares": "51406000.00",
            "preferredStockAndOtherAdjustments": null
        },
        "2019-09-30": {
            "date": "2019-09-30",
            "filing_date": null,
            "currency_symbol": "EUR",
            "researchDevelopment": null,
            "effectOfAccountingCharges": null,
            "incomeBeforeTax": "130084000.00",
            "minorityInterest": "3776319000.00",
            "netIncome": "55312000.00",
            "sellingGeneralAdministrative": "379342000.00",
            "sellingAndMarketingExpenses": null,
            "grossProfit": "1208867000.00",
            "reconciledDepreciation": null,
            "ebit": "724853000.00",
            "ebitda": null,
            "depreciationAndAmortization": null,
            "nonOperatingIncomeNetOther": null,
            "operatingIncome": "233720000.00",
            "otherOperatingExpenses": "237950000.00",
            "interestExpense": "236914000.00",
            "taxProvision": "8880000.00",
            "interestIncome": "62131000.00",
            "netInterestIncome": "-174783000.00",
            "extraordinaryItems": null,
            "nonRecurring": null,
            "otherItems": null,
            "incomeTaxExpense": "8880000.00",
            "totalRevenue": "3339771000.00",
            "totalOperatingExpenses": "3106051000.00",
            "costOfRevenue": "2130904000.00",
            "totalOtherIncomeExpenseNet": "-95190000.00",
            "discontinuedOperations": null,
            "netIncomeFromContinuingOps": "121204000.00",
            "netIncomeApplicableToCommonShares": "55312000.00",
            "preferredStockAndOtherAdjustments": null
        },
        "2019-06-30": {
            "date": "2019-06-30",
            "filing_date": null,
            "currency_symbol": "EUR",
            "researchDevelopment": null,
            "effectOfAccountingCharges": null,
            "incomeBeforeTax": "445738000.00",
            "minorityInterest": "3758221000.00",
            "netIncome": "304573000.00",
            "sellingGeneralAdministrative": "385863000.00",
            "sellingAndMarketingExpenses": null,
            "grossProfit": "1240082000.00",
            "reconciledDepreciation": null,
            "ebit": "1096648000.00",
            "ebitda": null,
            "depreciationAndAmortization": null,
            "nonOperatingIncomeNetOther": null,
            "operatingIncome": "331376000.00",
            "otherOperatingExpenses": "161073000.00",
            "interestExpense": "289140000.00",
            "taxProvision": "37904000.00",
            "interestIncome": "104198000.00",
            "netInterestIncome": "-184942000.00",
            "extraordinaryItems": null,
            "nonRecurring": null,
            "otherItems": null,
            "incomeTaxExpense": "37904000.00",
            "totalRevenue": "3362840000.00",
            "totalOperatingExpenses": "3031464000.00",
            "costOfRevenue": "2122758000.00",
            "totalOtherIncomeExpenseNet": "121659000.00",
            "discontinuedOperations": null,
            "netIncomeFromContinuingOps": "407834000.00",
            "netIncomeApplicableToCommonShares": "304573000.00",
            "preferredStockAndOtherAdjustments": null
        },
        "2019-03-31": {
            "date": "2019-03-31",
            "filing_date": null,
            "currency_symbol": "EUR",
            "researchDevelopment": null,
            "effectOfAccountingCharges": null,
            "incomeBeforeTax": "363885000.00",
            "minorityInterest": "4005444000.00",
            "netIncome": "100460000.00",
            "sellingGeneralAdministrative": "19828000.00",
            "sellingAndMarketingExpenses": null,
            "grossProfit": "1271510000.00",
            "reconciledDepreciation": null,
            "ebit": "905311000.00",
            "ebitda": null,
            "depreciationAndAmortization": null,
            "nonOperatingIncomeNetOther": null,
            "operatingIncome": "456931000.00",
            "otherOperatingExpenses": "101521000.00",
            "interestExpense": "168298000.00",
            "taxProvision": "98735000.00",
            "interestIncome": "27087000.00",
            "netInterestIncome": "-179760000.00",
            "extraordinaryItems": null,
            "nonRecurring": null,
            "otherItems": null,
            "incomeTaxExpense": "98735000.00",
            "totalRevenue": "3744177000.00",
            "totalOperatingExpenses": "3287246000.00",
            "costOfRevenue": "2472667000.00",
            "totalOtherIncomeExpenseNet": "-137021000.00",
            "discontinuedOperations": null,
            "netIncomeFromContinuingOps": "265150000.00",
            "netIncomeApplicableToCommonShares": "100460000.00",
            "preferredStockAndOtherAdjustments": null
        },
        "2018-12-31": {
            "date": "2018-12-31",
            "filing_date": null,
            "currency_symbol": "EUR",
            "researchDevelopment": null,
            "effectOfAccountingCharges": null,
            "incomeBeforeTax": "396835000.00",
            "minorityInterest": "3932149000.00",
            "netIncome": "221919000.00",
            "sellingGeneralAdministrative": "402888000.00",
            "sellingAndMarketingExpenses": null,
            "grossProfit": "1118874000.00",
            "reconciledDepreciation": null,
            "ebit": "-774311000.00",
            "ebitda": null,
            "depreciationAndAmortization": null,
            "nonOperatingIncomeNetOther": null,
            "operatingIncome": "-774311000.00",
            "otherOperatingExpenses": "70974000.00",
            "interestExpense": "127361000.00",
            "taxProvision": null,
            "interestIncome": null,
            "netInterestIncome": null,
            "extraordinaryItems": null,
            "nonRecurring": null,
            "otherItems": null,
            "incomeTaxExpense": "49482000.00",
            "totalRevenue": "3966806000.00",
            "totalOperatingExpenses": "4741117000.00",
            "costOfRevenue": "2847932000.00",
            "totalOtherIncomeExpenseNet": "1171146000.00",
            "discontinuedOperations": null,
            "netIncomeFromContinuingOps": "347353000.00",
            "netIncomeApplicableToCommonShares": "221919000.00",
            "preferredStockAndOtherAdjustments": null
        },
        "2018-09-30": {
            "date": "2018-09-30",
            "filing_date": null,
            "currency_symbol": "EUR",
            "researchDevelopment": null,
            "effectOfAccountingCharges": null,
            "incomeBeforeTax": "-109243000.00",
            "minorityInterest": "3854867000.00",
            "netIncome": "-82719000.00",
            "sellingGeneralAdministrative": "381522000.00",
            "sellingAndMarketingExpenses": null,
            "grossProfit": "1170010000.00",
            "reconciledDepreciation": null,
            "ebit": "-26575000.00",
            "ebitda": null,
            "depreciationAndAmortization": null,
            "nonOperatingIncomeNetOther": null,
            "operatingIncome": "-26575000.00",
            "otherOperatingExpenses": "465153000.00",
            "interestExpense": "290011000.00",
            "taxProvision": null,
            "interestIncome": null,
            "netInterestIncome": null,
            "extraordinaryItems": null,
            "nonRecurring": null,
            "otherItems": null,
            "incomeTaxExpense": "-66734000.00",
            "totalRevenue": "3752289000.00",
            "totalOperatingExpenses": "3778864000.00",
            "costOfRevenue": "2582279000.00",
            "totalOtherIncomeExpenseNet": "-82668000.00",
            "discontinuedOperations": null,
            "netIncomeFromContinuingOps": "-42509000.00",
            "netIncomeApplicableToCommonShares": "-82719000.00",
            "preferredStockAndOtherAdjustments": null
        },
        "2018-06-30": {
            "date": "2018-06-30",
            "filing_date": null,
            "currency_symbol": "EUR",
            "researchDevelopment": null,
            "effectOfAccountingCharges": null,
            "incomeBeforeTax": "331863000.00",
            "minorityInterest": "74769000.00",
            "netIncome": null,
            "sellingGeneralAdministrative": "395484000.00",
            "sellingAndMarketingExpenses": null,
            "grossProfit": "1285970000.00",
            "reconciledDepreciation": null,
            "ebit": "376529000.00",
            "ebitda": null,
            "depreciationAndAmortization": null,
            "nonOperatingIncomeNetOther": null,
            "operatingIncome": "376529000.00",
            "otherOperatingExpenses": null,
            "interestExpense": "312696000.00",
            "taxProvision": null,
            "interestIncome": null,
            "netInterestIncome": null,
            "extraordinaryItems": null,
            "nonRecurring": null,
            "otherItems": null,
            "incomeTaxExpense": "42938000.00",
            "totalRevenue": "3526600000.00",
            "totalOperatingExpenses": null,
            "costOfRevenue": "2240630000.00",
            "totalOtherIncomeExpenseNet": null,
            "discontinuedOperations": null,
            "netIncomeFromContinuingOps": null,
            "netIncomeApplicableToCommonShares": null,
            "preferredStockAndOtherAdjustments": null
        },
        "2018-03-31": {
            "date": "2018-03-31",
            "filing_date": null,
            "currency_symbol": "EUR",
            "researchDevelopment": null,
            "effectOfAccountingCharges": null,
            "incomeBeforeTax": "356292000.00",
            "minorityInterest": "116479000.00",
            "netIncome": null,
            "sellingGeneralAdministrative": "376463000.00",
            "sellingAndMarketingExpenses": null,
            "grossProfit": "1307452000.00",
            "reconciledDepreciation": null,
            "ebit": "458994000.00",
            "ebitda": null,
            "depreciationAndAmortization": null,
            "nonOperatingIncomeNetOther": null,
            "operatingIncome": "458994000.00",
            "otherOperatingExpenses": null,
            "interestExpense": "170663000.00",
            "taxProvision": null,
            "interestIncome": null,
            "netInterestIncome": null,
            "extraordinaryItems": null,
            "nonRecurring": null,
            "otherItems": null,
            "incomeTaxExpense": "73980000.00",
            "totalRevenue": "4032390000.00",
            "totalOperatingExpenses": null,
            "costOfRevenue": "2724938000.00",
            "totalOtherIncomeExpenseNet": null,
            "discontinuedOperations": null,
            "netIncomeFromContinuingOps": null,
            "netIncomeApplicableToCommonShares": null,
            "preferredStockAndOtherAdjustments": null
        },
        "2017-12-31": {
            "date": "2017-12-31",
            "filing_date": null,
            "currency_symbol": "EUR",
            "researchDevelopment": null,
            "effectOfAccountingCharges": null,
            "incomeBeforeTax": null,
            "minorityInterest": "88904000.00",
            "netIncome": null,
            "sellingGeneralAdministrative": "408141000.00",
            "sellingAndMarketingExpenses": null,
            "grossProfit": "1150673000.00",
            "reconciledDepreciation": null,
            "ebit": "238372000.00",
            "ebitda": null,
            "depreciationAndAmortization": null,
            "nonOperatingIncomeNetOther": null,
            "operatingIncome": "238372000.00",
            "otherOperatingExpenses": null,
            "interestExpense": "198842000.00",
            "taxProvision": null,
            "interestIncome": null,
            "netInterestIncome": null,
            "extraordinaryItems": null,
            "nonRecurring": null,
            "otherItems": null,
            "incomeTaxExpense": null,
            "totalRevenue": "4092058000.00",
            "totalOperatingExpenses": null,
            "costOfRevenue": "2941385000.00",
            "totalOtherIncomeExpenseNet": null,
            "discontinuedOperations": null,
            "netIncomeFromContinuingOps": null,
            "netIncomeApplicableToCommonShares": null,
            "preferredStockAndOtherAdjustments": null
        },
        "2017-09-30": {
            "date": "2017-09-30",
            "filing_date": null,
            "currency_symbol": "EUR",
            "researchDevelopment": null,
            "effectOfAccountingCharges": null,
            "incomeBeforeTax": "799372000.00",
            "minorityInterest": "46905000.00",
            "netIncome": null,
            "sellingGeneralAdministrative": "393399000.00",
            "sellingAndMarketingExpenses": null,
            "grossProfit": "1229322000.00",
            "reconciledDepreciation": null,
            "ebit": "323265000.00",
            "ebitda": null,
            "depreciationAndAmortization": null,
            "nonOperatingIncomeNetOther": null,
            "operatingIncome": "323265000.00",
            "otherOperatingExpenses": null,
            "interestExpense": "323676000.00",
            "taxProvision": null,
            "interestIncome": null,
            "netInterestIncome": null,
            "extraordinaryItems": null,
            "nonRecurring": null,
            "otherItems": null,
            "incomeTaxExpense": "56329000.00",
            "totalRevenue": "3778519000.00",
            "totalOperatingExpenses": null,
            "costOfRevenue": "2549197000.00",
            "totalOtherIncomeExpenseNet": null,
            "discontinuedOperations": null,
            "netIncomeFromContinuingOps": null,
            "netIncomeApplicableToCommonShares": null,
            "preferredStockAndOtherAdjustments": null
        },
        "2017-06-30": {
            "date": "2017-06-30",
            "filing_date": null,
            "currency_symbol": "EUR",
            "researchDevelopment": null,
            "effectOfAccountingCharges": null,
            "incomeBeforeTax": "381250000.00",
            "minorityInterest": "92719000.00",
            "netIncome": null,
            "sellingGeneralAdministrative": "415035000.00",
            "sellingAndMarketingExpenses": null,
            "grossProfit": "1370251000.00",
            "reconciledDepreciation": null,
            "ebit": "444487000.00",
            "ebitda": null,
            "depreciationAndAmortization": null,
            "nonOperatingIncomeNetOther": null,
            "operatingIncome": "444487000.00",
            "otherOperatingExpenses": null,
            "interestExpense": "296623000.00",
            "taxProvision": null,
            "interestIncome": null,
            "netInterestIncome": null,
            "extraordinaryItems": null,
            "nonRecurring": null,
            "otherItems": null,
            "incomeTaxExpense": "53403000.00",
            "totalRevenue": "3642207000.00",
            "totalOperatingExpenses": null,
            "costOfRevenue": "2271956000.00",
            "totalOtherIncomeExpenseNet": null,
            "discontinuedOperations": null,
            "netIncomeFromContinuingOps": null,
            "netIncomeApplicableToCommonShares": null,
            "preferredStockAndOtherAdjustments": null
        },
        "2017-03-31": {
            "date": "2017-03-31",
            "filing_date": null,
            "currency_symbol": "EUR",
            "researchDevelopment": null,
            "effectOfAccountingCharges": null,
            "incomeBeforeTax": "380790000.00",
            "minorityInterest": "99738000.00",
            "netIncome": null,
            "sellingGeneralAdministrative": "398122000.00",
            "sellingAndMarketingExpenses": null,
            "grossProfit": "1437961000.00",
            "reconciledDepreciation": null,
            "ebit": "537149000.00",
            "ebitda": null,
            "depreciationAndAmortization": null,
            "nonOperatingIncomeNetOther": null,
            "operatingIncome": "537149000.00",
            "otherOperatingExpenses": null,
            "interestExpense": "207837000.00",
            "taxProvision": null,
            "interestIncome": null,
            "netInterestIncome": null,
            "extraordinaryItems": null,
            "nonRecurring": null,
            "otherItems": null,
            "incomeTaxExpense": "65750000.00",
            "totalRevenue": "4233203000.00",
            "totalOperatingExpenses": null,
            "costOfRevenue": "2795242000.00",
            "totalOtherIncomeExpenseNet": null,
            "discontinuedOperations": null,
            "netIncomeFromContinuingOps": null,
            "netIncomeApplicableToCommonShares": null,
            "preferredStockAndOtherAdjustments": null
        },
        "2016-12-31": {
            "date": "2016-12-31",
            "filing_date": null,
            "currency_symbol": "EUR",
            "researchDevelopment": null,
            "effectOfAccountingCharges": null,
            "incomeBeforeTax": "194770000.00",
            "minorityInterest": "60303000.00",
            "netIncome": null,
            "sellingGeneralAdministrative": "405532000.00",
            "sellingAndMarketingExpenses": null,
            "grossProfit": "1322773000.00",
            "reconciledDepreciation": null,
            "ebit": "372438000.00",
            "ebitda": null,
            "depreciationAndAmortization": null,
            "nonOperatingIncomeNetOther": null,
            "operatingIncome": "372438000.00",
            "otherOperatingExpenses": null,
            "interestExpense": "206413000.00",
            "taxProvision": null,
            "interestIncome": null,
            "netInterestIncome": null,
            "extraordinaryItems": null,
            "nonRecurring": null,
            "otherItems": null,
            "incomeTaxExpense": null,
            "totalRevenue": "3960193000.00",
            "totalOperatingExpenses": null,
            "costOfRevenue": "2637420000.00",
            "totalOtherIncomeExpenseNet": null,
            "discontinuedOperations": null,
            "netIncomeFromContinuingOps": null,
            "netIncomeApplicableToCommonShares": null,
            "preferredStockAndOtherAdjustments": null
        },
        "2016-09-30": {
            "date": "2016-09-30",
            "filing_date": null,
            "currency_symbol": "EUR",
            "researchDevelopment": null,
            "effectOfAccountingCharges": null,
            "incomeBeforeTax": "237854000.00",
            "minorityInterest": "37995000.00",
            "netIncome": null,
            "sellingGeneralAdministrative": "401967000.00",
            "sellingAndMarketingExpenses": null,
            "grossProfit": "1343968000.00",
            "reconciledDepreciation": null,
            "ebit": "404050000.00",
            "ebitda": null,
            "depreciationAndAmortization": null,
            "nonOperatingIncomeNetOther": null,
            "operatingIncome": "404050000.00",
            "otherOperatingExpenses": null,
            "interestExpense": "315876000.00",
            "taxProvision": null,
            "interestIncome": null,
            "netInterestIncome": null,
            "extraordinaryItems": null,
            "nonRecurring": null,
            "otherItems": null,
            "incomeTaxExpense": "57002000.00",
            "totalRevenue": "3487358000.00",
            "totalOperatingExpenses": null,
            "costOfRevenue": "2143390000.00",
            "totalOtherIncomeExpenseNet": null,
            "discontinuedOperations": null,
            "netIncomeFromContinuingOps": null,
            "netIncomeApplicableToCommonShares": null,
            "preferredStockAndOtherAdjustments": null
        },
        "2016-06-30": {
            "date": "2016-06-30",
            "filing_date": null,
            "currency_symbol": "EUR",
            "researchDevelopment": null,
            "effectOfAccountingCharges": null,
            "incomeBeforeTax": "342382000.00",
            "minorityInterest": "41693000.00",
            "netIncome": null,
            "sellingGeneralAdministrative": "392644000.00",
            "sellingAndMarketingExpenses": null,
            "grossProfit": "1421710000.00",
            "reconciledDepreciation": null,
            "ebit": "487636000.00",
            "ebitda": null,
            "depreciationAndAmortization": null,
            "nonOperatingIncomeNetOther": null,
            "operatingIncome": "487636000.00",
            "otherOperatingExpenses": null,
            "interestExpense": "509963000.00",
            "taxProvision": null,
            "interestIncome": null,
            "netInterestIncome": null,
            "extraordinaryItems": null,
            "nonRecurring": null,
            "otherItems": null,
            "incomeTaxExpense": "91280000.00",
            "totalRevenue": "3360695000.00",
            "totalOperatingExpenses": null,
            "costOfRevenue": "1938985000.00",
            "totalOtherIncomeExpenseNet": null,
            "discontinuedOperations": null,
            "netIncomeFromContinuingOps": null,
            "netIncomeApplicableToCommonShares": null,
            "preferredStockAndOtherAdjustments": null
        },
        "2016-03-31": {
            "date": "2016-03-31",
            "filing_date": null,
            "currency_symbol": "EUR",
            "researchDevelopment": null,
            "effectOfAccountingCharges": null,
            "incomeBeforeTax": "513901000.00",
            "minorityInterest": "99559000.00",
            "netIncome": null,
            "sellingGeneralAdministrative": "374309000.00",
            "sellingAndMarketingExpenses": null,
            "grossProfit": "1471702000.00",
            "reconciledDepreciation": null,
            "ebit": "590642000.00",
            "ebitda": null,
            "depreciationAndAmortization": null,
            "nonOperatingIncomeNetOther": null,
            "operatingIncome": "590642000.00",
            "otherOperatingExpenses": null,
            "interestExpense": "249714000.00",
            "taxProvision": null,
            "interestIncome": null,
            "netInterestIncome": null,
            "extraordinaryItems": null,
            "nonRecurring": null,
            "otherItems": null,
            "incomeTaxExpense": "151580000.00",
            "totalRevenue": "3786918000.00",
            "totalOperatingExpenses": null,
            "costOfRevenue": "2315216000.00",
            "totalOtherIncomeExpenseNet": null,
            "discontinuedOperations": null,
            "netIncomeFromContinuingOps": null,
            "netIncomeApplicableToCommonShares": null,
            "preferredStockAndOtherAdjustments": null
        },
        "2015-12-31": {
            "date": "2015-12-31",
            "filing_date": null,
            "currency_symbol": "EUR",
            "researchDevelopment": null,
            "effectOfAccountingCharges": null,
            "incomeBeforeTax": "313053000.00",
            "minorityInterest": "94371000.00",
            "netIncome": null,
            "sellingGeneralAdministrative": "424152000.00",
            "sellingAndMarketingExpenses": null,
            "grossProfit": "1294867000.00",
            "reconciledDepreciation": null,
            "ebit": "391346000.00",
            "ebitda": null,
            "depreciationAndAmortization": null,
            "nonOperatingIncomeNetOther": null,
            "operatingIncome": "391346000.00",
            "otherOperatingExpenses": null,
            "interestExpense": "255076000.00",
            "taxProvision": null,
            "interestIncome": null,
            "netInterestIncome": null,
            "extraordinaryItems": null,
            "nonRecurring": null,
            "otherItems": null,
            "incomeTaxExpense": "41898000.00",
            "totalRevenue": "3912022000.00",
            "totalOperatingExpenses": null,
            "costOfRevenue": "2617155000.00",
            "totalOtherIncomeExpenseNet": null,
            "discontinuedOperations": null,
            "netIncomeFromContinuingOps": null,
            "netIncomeApplicableToCommonShares": null,
            "preferredStockAndOtherAdjustments": null
        },
        "2015-09-30": {
            "date": "2015-09-30",
            "filing_date": null,
            "currency_symbol": "EUR",
            "researchDevelopment": null,
            "effectOfAccountingCharges": null,
            "incomeBeforeTax": "221761000.00",
            "minorityInterest": "30583000.00",
            "netIncome": null,
            "sellingGeneralAdministrative": "371284000.00",
            "sellingAndMarketingExpenses": null,
            "grossProfit": "1294100000.00",
            "reconciledDepreciation": null,
            "ebit": "328028000.00",
            "ebitda": null,
            "depreciationAndAmortization": null,
            "nonOperatingIncomeNetOther": null,
            "operatingIncome": "328028000.00",
            "otherOperatingExpenses": null,
            "interestExpense": "482936000.00",
            "taxProvision": null,
            "interestIncome": null,
            "netInterestIncome": null,
            "extraordinaryItems": null,
            "nonRecurring": null,
            "otherItems": null,
            "incomeTaxExpense": "42068000.00",
            "totalRevenue": "3657083000.00",
            "totalOperatingExpenses": null,
            "costOfRevenue": "2362983000.00",
            "totalOtherIncomeExpenseNet": null,
            "discontinuedOperations": null,
            "netIncomeFromContinuingOps": null,
            "netIncomeApplicableToCommonShares": null,
            "preferredStockAndOtherAdjustments": null
        },
        "2015-06-30": {
            "date": "2015-06-30",
            "filing_date": null,
            "currency_symbol": "EUR",
            "researchDevelopment": null,
            "effectOfAccountingCharges": null,
            "incomeBeforeTax": "609693000.00",
            "minorityInterest": "147840000.00",
            "netIncome": null,
            "sellingGeneralAdministrative": "390649000.00",
            "sellingAndMarketingExpenses": null,
            "grossProfit": "1326186000.00",
            "reconciledDepreciation": null,
            "ebit": "409389000.00",
            "ebitda": null,
            "depreciationAndAmortization": null,
            "nonOperatingIncomeNetOther": null,
            "operatingIncome": "409389000.00",
            "otherOperatingExpenses": null,
            "interestExpense": "378833000.00",
            "taxProvision": null,
            "interestIncome": null,
            "netInterestIncome": null,
            "extraordinaryItems": null,
            "nonRecurring": null,
            "otherItems": null,
            "incomeTaxExpense": "111561000.00",
            "totalRevenue": "3812357000.00",
            "totalOperatingExpenses": null,
            "costOfRevenue": "2486171000.00",
            "totalOtherIncomeExpenseNet": null,
            "discontinuedOperations": null,
            "netIncomeFromContinuingOps": null,
            "netIncomeApplicableToCommonShares": null,
            "preferredStockAndOtherAdjustments": null
        },
        "2015-03-31": {
            "date": "2015-03-31",
            "filing_date": null,
            "currency_symbol": "EUR",
            "researchDevelopment": null,
            "effectOfAccountingCharges": null,
            "incomeBeforeTax": "455193000.00",
            "minorityInterest": "68283000.00",
            "netIncome": null,
            "sellingGeneralAdministrative": "376545000.00",
            "sellingAndMarketingExpenses": null,
            "grossProfit": "1352014000.00",
            "reconciledDepreciation": null,
            "ebit": "516089000.00",
            "ebitda": null,
            "depreciationAndAmortization": null,
            "nonOperatingIncomeNetOther": null,
            "operatingIncome": "516089000.00",
            "otherOperatingExpenses": null,
            "interestExpense": "296239000.00",
            "taxProvision": null,
            "interestIncome": null,
            "netInterestIncome": null,
            "extraordinaryItems": null,
            "nonRecurring": null,
            "otherItems": null,
            "incomeTaxExpense": "89848000.00",
            "totalRevenue": "4135337000.00",
            "totalOperatingExpenses": null,
            "costOfRevenue": "2783323000.00",
            "totalOtherIncomeExpenseNet": null,
            "discontinuedOperations": null,
            "netIncomeFromContinuingOps": null,
            "netIncomeApplicableToCommonShares": null,
            "preferredStockAndOtherAdjustments": null
        },
        "2014-12-31": {
            "date": "2014-12-31",
            "filing_date": null,
            "currency_symbol": "EUR",
            "researchDevelopment": null,
            "effectOfAccountingCharges": null,
            "incomeBeforeTax": "369718000.00",
            "minorityInterest": "79900000.00",
            "netIncome": null,
            "sellingGeneralAdministrative": "404676000.00",
            "sellingAndMarketingExpenses": null,
            "grossProfit": "1397438000.00",
            "reconciledDepreciation": null,
            "ebit": "505938000.00",
            "ebitda": null,
            "depreciationAndAmortization": null,
            "nonOperatingIncomeNetOther": null,
            "operatingIncome": "505938000.00",
            "otherOperatingExpenses": null,
            "interestExpense": "245940000.00",
            "taxProvision": null,
            "interestIncome": null,
            "netInterestIncome": null,
            "extraordinaryItems": null,
            "nonRecurring": null,
            "otherItems": null,
            "incomeTaxExpense": "35446000.00",
            "totalRevenue": "4470651000.00",
            "totalOperatingExpenses": null,
            "costOfRevenue": "3073213000.00",
            "totalOtherIncomeExpenseNet": null,
            "discontinuedOperations": null,
            "netIncomeFromContinuingOps": null,
            "netIncomeApplicableToCommonShares": null,
            "preferredStockAndOtherAdjustments": null
        },
        "2014-09-30": {
            "date": "2014-09-30",
            "filing_date": null,
            "currency_symbol": "EUR",
            "researchDevelopment": null,
            "effectOfAccountingCharges": null,
            "incomeBeforeTax": "168960000.00",
            "minorityInterest": "22909000.00",
            "netIncome": null,
            "sellingGeneralAdministrative": "367845000.00",
            "sellingAndMarketingExpenses": null,
            "grossProfit": "1180070000.00",
            "reconciledDepreciation": null,
            "ebit": "313806000.00",
            "ebitda": null,
            "depreciationAndAmortization": null,
            "nonOperatingIncomeNetOther": null,
            "operatingIncome": "313806000.00",
            "otherOperatingExpenses": null,
            "interestExpense": "381417000.00",
            "taxProvision": null,
            "interestIncome": null,
            "netInterestIncome": null,
            "extraordinaryItems": null,
            "nonRecurring": null,
            "otherItems": null,
            "incomeTaxExpense": "33138000.00",
            "totalRevenue": "3803809000.00",
            "totalOperatingExpenses": null,
            "costOfRevenue": "2623739000.00",
            "totalOtherIncomeExpenseNet": null,
            "discontinuedOperations": null,
            "netIncomeFromContinuingOps": null,
            "netIncomeApplicableToCommonShares": null,
            "preferredStockAndOtherAdjustments": null
        },
        "2014-06-30": {
            "date": "2014-06-30",
            "filing_date": null,
            "currency_symbol": "EUR",
            "researchDevelopment": null,
            "effectOfAccountingCharges": null,
            "incomeBeforeTax": "486560000.00",
            "minorityInterest": "52986000.00",
            "netIncome": null,
            "sellingGeneralAdministrative": "267825000.00",
            "sellingAndMarketingExpenses": null,
            "grossProfit": "1140928000.00",
            "reconciledDepreciation": null,
            "ebit": "440074000.00",
            "ebitda": null,
            "depreciationAndAmortization": null,
            "nonOperatingIncomeNetOther": null,
            "operatingIncome": "440074000.00",
            "otherOperatingExpenses": null,
            "interestExpense": "232835000.00",
            "taxProvision": null,
            "interestIncome": null,
            "netInterestIncome": null,
            "extraordinaryItems": null,
            "nonRecurring": null,
            "otherItems": null,
            "incomeTaxExpense": "56500000.00",
            "totalRevenue": "3692210000.00",
            "totalOperatingExpenses": null,
            "costOfRevenue": "2551282000.00",
            "totalOtherIncomeExpenseNet": null,
            "discontinuedOperations": null,
            "netIncomeFromContinuingOps": null,
            "netIncomeApplicableToCommonShares": null,
            "preferredStockAndOtherAdjustments": null
        },
        "2014-03-31": {
            "date": "2014-03-31",
            "filing_date": null,
            "currency_symbol": "EUR",
            "researchDevelopment": null,
            "effectOfAccountingCharges": null,
            "incomeBeforeTax": "549524000.00",
            "minorityInterest": "67567000.00",
            "netIncome": null,
            "sellingGeneralAdministrative": "382693000.00",
            "sellingAndMarketingExpenses": null,
            "grossProfit": "1413359000.00",
            "reconciledDepreciation": null,
            "ebit": "611114000.00",
            "ebitda": null,
            "depreciationAndAmortization": null,
            "nonOperatingIncomeNetOther": null,
            "operatingIncome": "611114000.00",
            "otherOperatingExpenses": null,
            "interestExpense": "271685000.00",
            "taxProvision": null,
            "interestIncome": null,
            "netInterestIncome": null,
            "extraordinaryItems": null,
            "nonRecurring": null,
            "otherItems": null,
            "incomeTaxExpense": "185868000.00",
            "totalRevenue": "4327213000.00",
            "totalOperatingExpenses": null,
            "costOfRevenue": "2913854000.00",
            "totalOtherIncomeExpenseNet": null,
            "discontinuedOperations": null,
            "netIncomeFromContinuingOps": null,
            "netIncomeApplicableToCommonShares": null,
            "preferredStockAndOtherAdjustments": null
        },
        "2013-12-31": {
            "date": "2013-12-31",
            "filing_date": null,
            "currency_symbol": "EUR",
            "researchDevelopment": null,
            "effectOfAccountingCharges": null,
            "incomeBeforeTax": "198584000.00",
            "minorityInterest": "39768000.00",
            "netIncome": null,
            "sellingGeneralAdministrative": "399419000.00",
            "sellingAndMarketingExpenses": null,
            "grossProfit": "1228055000.00",
            "reconciledDepreciation": null,
            "ebit": "428162000.00",
            "ebitda": null,
            "depreciationAndAmortization": null,
            "nonOperatingIncomeNetOther": null,
            "operatingIncome": "428162000.00",
            "otherOperatingExpenses": null,
            "interestExpense": "254774000.00",
            "taxProvision": null,
            "interestIncome": null,
            "netInterestIncome": null,
            "extraordinaryItems": null,
            "nonRecurring": null,
            "otherItems": null,
            "incomeTaxExpense": null,
            "totalRevenue": "4290989000.00",
            "totalOperatingExpenses": null,
            "costOfRevenue": "3062934000.00",
            "totalOtherIncomeExpenseNet": null,
            "discontinuedOperations": null,
            "netIncomeFromContinuingOps": null,
            "netIncomeApplicableToCommonShares": null,
            "preferredStockAndOtherAdjustments": null
        },
        "2013-09-30": {
            "date": "2013-09-30",
            "filing_date": null,
            "currency_symbol": "EUR",
            "researchDevelopment": null,
            "effectOfAccountingCharges": null,
            "incomeBeforeTax": "282686000.00",
            "minorityInterest": "41693000.00",
            "netIncome": null,
            "sellingGeneralAdministrative": "374604000.00",
            "sellingAndMarketingExpenses": null,
            "grossProfit": "1300061000.00",
            "reconciledDepreciation": null,
            "ebit": "458964000.00",
            "ebitda": null,
            "depreciationAndAmortization": null,
            "nonOperatingIncomeNetOther": null,
            "operatingIncome": "458964000.00",
            "otherOperatingExpenses": null,
            "interestExpense": "333268000.00",
            "taxProvision": null,
            "interestIncome": null,
            "netInterestIncome": null,
            "extraordinaryItems": null,
            "nonRecurring": null,
            "otherItems": null,
            "incomeTaxExpense": "51867000.00",
            "totalRevenue": "3691446000.00",
            "totalOperatingExpenses": null,
            "costOfRevenue": "2391385000.00",
            "totalOtherIncomeExpenseNet": null,
            "discontinuedOperations": null,
            "netIncomeFromContinuingOps": null,
            "netIncomeApplicableToCommonShares": null,
            "preferredStockAndOtherAdjustments": null
        },
        "2013-06-30": {
            "date": "2013-06-30",
            "filing_date": null,
            "currency_symbol": "EUR",
            "researchDevelopment": null,
            "effectOfAccountingCharges": null,
            "incomeBeforeTax": "342828000.00",
            "minorityInterest": "33341000.00",
            "netIncome": null,
            "sellingGeneralAdministrative": "402017000.00",
            "sellingAndMarketingExpenses": null,
            "grossProfit": "1400020000.00",
            "reconciledDepreciation": null,
            "ebit": "505146000.00",
            "ebitda": null,
            "depreciationAndAmortization": null,
            "nonOperatingIncomeNetOther": null,
            "operatingIncome": "505146000.00",
            "otherOperatingExpenses": null,
            "interestExpense": "453776000.00",
            "taxProvision": null,
            "interestIncome": null,
            "netInterestIncome": null,
            "extraordinaryItems": null,
            "nonRecurring": null,
            "otherItems": null,
            "incomeTaxExpense": "41008000.00",
            "totalRevenue": "3736224000.00",
            "totalOperatingExpenses": null,
            "costOfRevenue": "2336204000.00",
            "totalOtherIncomeExpenseNet": null,
            "discontinuedOperations": null,
            "netIncomeFromContinuingOps": null,
            "netIncomeApplicableToCommonShares": null,
            "preferredStockAndOtherAdjustments": null
        },
        "2013-03-31": {
            "date": "2013-03-31",
            "filing_date": null,
            "currency_symbol": "EUR",
            "researchDevelopment": null,
            "effectOfAccountingCharges": null,
            "incomeBeforeTax": "557422000.00",
            "minorityInterest": "73630000.00",
            "netIncome": null,
            "sellingGeneralAdministrative": "398730000.00",
            "sellingAndMarketingExpenses": null,
            "grossProfit": "1435685000.00",
            "reconciledDepreciation": null,
            "ebit": "639497000.00",
            "ebitda": null,
            "depreciationAndAmortization": null,
            "nonOperatingIncomeNetOther": null,
            "operatingIncome": "639497000.00",
            "otherOperatingExpenses": null,
            "interestExpense": "249478000.00",
            "taxProvision": null,
            "interestIncome": null,
            "netInterestIncome": null,
            "extraordinaryItems": null,
            "nonRecurring": null,
            "otherItems": null,
            "incomeTaxExpense": "149052000.00",
            "totalRevenue": "4384531000.00",
            "totalOperatingExpenses": null,
            "costOfRevenue": "2948846000.00",
            "totalOtherIncomeExpenseNet": null,
            "discontinuedOperations": null,
            "netIncomeFromContinuingOps": null,
            "netIncomeApplicableToCommonShares": null,
            "preferredStockAndOtherAdjustments": null
        },
        "2012-12-31": {
            "date": "2012-12-31",
            "filing_date": null,
            "currency_symbol": "EUR",
            "researchDevelopment": null,
            "effectOfAccountingCharges": null,
            "incomeBeforeTax": "281476000.00",
            "minorityInterest": "54115000.00",
            "netIncome": null,
            "sellingGeneralAdministrative": "422316000.00",
            "sellingAndMarketingExpenses": null,
            "grossProfit": "1246653000.00",
            "reconciledDepreciation": null,
            "ebit": "460942000.00",
            "ebitda": null,
            "depreciationAndAmortization": null,
            "nonOperatingIncomeNetOther": null,
            "operatingIncome": "460942000.00",
            "otherOperatingExpenses": null,
            "interestExpense": "216185000.00",
            "taxProvision": null,
            "interestIncome": null,
            "netInterestIncome": null,
            "extraordinaryItems": null,
            "nonRecurring": null,
            "otherItems": null,
            "incomeTaxExpense": "9404000.00",
            "totalRevenue": "4262289000.00",
            "totalOperatingExpenses": null,
            "costOfRevenue": "3015636000.00",
            "totalOtherIncomeExpenseNet": null,
            "discontinuedOperations": null,
            "netIncomeFromContinuingOps": null,
            "netIncomeApplicableToCommonShares": null,
            "preferredStockAndOtherAdjustments": null
        },
        "2012-09-30": {
            "date": "2012-09-30",
            "filing_date": null,
            "currency_symbol": "EUR",
            "researchDevelopment": null,
            "effectOfAccountingCharges": null,
            "incomeBeforeTax": "348557000.00",
            "minorityInterest": "21606000.00",
            "netIncome": null,
            "sellingGeneralAdministrative": "378392000.00",
            "sellingAndMarketingExpenses": null,
            "grossProfit": "1310581000.00",
            "reconciledDepreciation": null,
            "ebit": "504210000.00",
            "ebitda": null,
            "depreciationAndAmortization": null,
            "nonOperatingIncomeNetOther": null,
            "operatingIncome": "504210000.00",
            "otherOperatingExpenses": null,
            "interestExpense": "356250000.00",
            "taxProvision": null,
            "interestIncome": null,
            "netInterestIncome": null,
            "extraordinaryItems": null,
            "nonRecurring": null,
            "otherItems": null,
            "incomeTaxExpense": "114193000.00",
            "totalRevenue": "3876434000.00",
            "totalOperatingExpenses": null,
            "costOfRevenue": "2565853000.00",
            "totalOtherIncomeExpenseNet": null,
            "discontinuedOperations": null,
            "netIncomeFromContinuingOps": null,
            "netIncomeApplicableToCommonShares": null,
            "preferredStockAndOtherAdjustments": null
        },
        "2012-06-30": {
            "date": "2012-06-30",
            "filing_date": null,
            "currency_symbol": "EUR",
            "researchDevelopment": null,
            "effectOfAccountingCharges": null,
            "incomeBeforeTax": "347693000.00",
            "minorityInterest": "23227000.00",
            "netIncome": null,
            "sellingGeneralAdministrative": "390027000.00",
            "sellingAndMarketingExpenses": null,
            "grossProfit": "1351591000.00",
            "reconciledDepreciation": null,
            "ebit": "524227000.00",
            "ebitda": null,
            "depreciationAndAmortization": null,
            "nonOperatingIncomeNetOther": null,
            "operatingIncome": "524227000.00",
            "otherOperatingExpenses": null,
            "interestExpense": "359956000.00",
            "taxProvision": null,
            "interestIncome": null,
            "netInterestIncome": null,
            "extraordinaryItems": null,
            "nonRecurring": null,
            "otherItems": null,
            "incomeTaxExpense": "79941000.00",
            "totalRevenue": "3801373000.00",
            "totalOperatingExpenses": null,
            "costOfRevenue": "2449782000.00",
            "totalOtherIncomeExpenseNet": null,
            "discontinuedOperations": null,
            "netIncomeFromContinuingOps": null,
            "netIncomeApplicableToCommonShares": null,
            "preferredStockAndOtherAdjustments": null
        },
        "2012-03-31": {
            "date": "2012-03-31",
            "filing_date": null,
            "currency_symbol": "EUR",
            "researchDevelopment": null,
            "effectOfAccountingCharges": null,
            "incomeBeforeTax": "486966000.00",
            "minorityInterest": "70724000.00",
            "netIncome": null,
            "sellingGeneralAdministrative": "406410000.00",
            "sellingAndMarketingExpenses": null,
            "grossProfit": "1375745000.00",
            "reconciledDepreciation": null,
            "ebit": "627983000.00",
            "ebitda": null,
            "depreciationAndAmortization": null,
            "nonOperatingIncomeNetOther": null,
            "operatingIncome": "627983000.00",
            "otherOperatingExpenses": null,
            "interestExpense": "238558000.00",
            "taxProvision": null,
            "interestIncome": null,
            "netInterestIncome": null,
            "extraordinaryItems": null,
            "nonRecurring": null,
            "otherItems": null,
            "incomeTaxExpense": "78999000.00",
            "totalRevenue": "4425216000.00",
            "totalOperatingExpenses": null,
            "costOfRevenue": "3049471000.00",
            "totalOtherIncomeExpenseNet": null,
            "discontinuedOperations": null,
            "netIncomeFromContinuingOps": null,
            "netIncomeApplicableToCommonShares": null,
            "preferredStockAndOtherAdjustments": null
        },
        "2011-12-31": {
            "date": "2011-12-31",
            "filing_date": null,
            "currency_symbol": "EUR",
            "researchDevelopment": null,
            "effectOfAccountingCharges": null,
            "incomeBeforeTax": "390213000.00",
            "minorityInterest": "70967000.00",
            "netIncome": null,
            "sellingGeneralAdministrative": "420977000.00",
            "sellingAndMarketingExpenses": null,
            "grossProfit": "1552988000.00",
            "reconciledDepreciation": null,
            "ebit": "591041000.00",
            "ebitda": null,
            "depreciationAndAmortization": null,
            "nonOperatingIncomeNetOther": null,
            "operatingIncome": "591041000.00",
            "otherOperatingExpenses": null,
            "interestExpense": "954015000.00",
            "taxProvision": null,
            "interestIncome": null,
            "netInterestIncome": null,
            "extraordinaryItems": null,
            "nonRecurring": null,
            "otherItems": null,
            "incomeTaxExpense": "18213000.00",
            "totalRevenue": "3958944000.00",
            "totalOperatingExpenses": null,
            "costOfRevenue": "2405956000.00",
            "totalOtherIncomeExpenseNet": null,
            "discontinuedOperations": null,
            "netIncomeFromContinuingOps": null,
            "netIncomeApplicableToCommonShares": null,
            "preferredStockAndOtherAdjustments": null
        },
        "2011-09-30": {
            "date": "2011-09-30",
            "filing_date": null,
            "currency_symbol": "EUR",
            "researchDevelopment": null,
            "effectOfAccountingCharges": null,
            "incomeBeforeTax": "270356000.00",
            "minorityInterest": "33712000.00",
            "netIncome": null,
            "sellingGeneralAdministrative": "379821000.00",
            "sellingAndMarketingExpenses": null,
            "grossProfit": "1287101000.00",
            "reconciledDepreciation": null,
            "ebit": "499783000.00",
            "ebitda": null,
            "depreciationAndAmortization": null,
            "nonOperatingIncomeNetOther": null,
            "operatingIncome": "499783000.00",
            "otherOperatingExpenses": null,
            "interestExpense": "429049000.00",
            "taxProvision": null,
            "interestIncome": null,
            "netInterestIncome": null,
            "extraordinaryItems": null,
            "nonRecurring": null,
            "otherItems": null,
            "incomeTaxExpense": "21676000.00",
            "totalRevenue": "3618923000.00",
            "totalOperatingExpenses": null,
            "costOfRevenue": "2331822000.00",
            "totalOtherIncomeExpenseNet": null,
            "discontinuedOperations": null,
            "netIncomeFromContinuingOps": null,
            "netIncomeApplicableToCommonShares": null,
            "preferredStockAndOtherAdjustments": null
        },
        "2011-06-30": {
            "date": "2011-06-30",
            "filing_date": null,
            "currency_symbol": "EUR",
            "researchDevelopment": null,
            "effectOfAccountingCharges": null,
            "incomeBeforeTax": "411472000.00",
            "minorityInterest": "48095000.00",
            "netIncome": null,
            "sellingGeneralAdministrative": "399769000.00",
            "sellingAndMarketingExpenses": null,
            "grossProfit": "1356366000.00",
            "reconciledDepreciation": null,
            "ebit": "527977000.00",
            "ebitda": null,
            "depreciationAndAmortization": null,
            "nonOperatingIncomeNetOther": null,
            "operatingIncome": "527977000.00",
            "otherOperatingExpenses": null,
            "interestExpense": "322839000.00",
            "taxProvision": null,
            "interestIncome": null,
            "netInterestIncome": null,
            "extraordinaryItems": null,
            "nonRecurring": null,
            "otherItems": null,
            "incomeTaxExpense": "97104000.00",
            "totalRevenue": "3528012000.00",
            "totalOperatingExpenses": null,
            "costOfRevenue": "2171646000.00",
            "totalOtherIncomeExpenseNet": null,
            "discontinuedOperations": null,
            "netIncomeFromContinuingOps": null,
            "netIncomeApplicableToCommonShares": null,
            "preferredStockAndOtherAdjustments": null
        },
        "2011-03-31": {
            "date": "2011-03-31",
            "filing_date": null,
            "currency_symbol": "EUR",
            "researchDevelopment": null,
            "effectOfAccountingCharges": null,
            "incomeBeforeTax": "520316000.00",
            "minorityInterest": "54542000.00",
            "netIncome": null,
            "sellingGeneralAdministrative": "380779000.00",
            "sellingAndMarketingExpenses": null,
            "grossProfit": "1364672000.00",
            "reconciledDepreciation": null,
            "ebit": "625851000.00",
            "ebitda": null,
            "depreciationAndAmortization": null,
            "nonOperatingIncomeNetOther": null,
            "operatingIncome": "625851000.00",
            "otherOperatingExpenses": null,
            "interestExpense": "224499000.00",
            "taxProvision": null,
            "interestIncome": null,
            "netInterestIncome": null,
            "extraordinaryItems": null,
            "nonRecurring": null,
            "otherItems": null,
            "incomeTaxExpense": "123385000.00",
            "totalRevenue": "4018430000.00",
            "totalOperatingExpenses": null,
            "costOfRevenue": "2653758000.00",
            "totalOtherIncomeExpenseNet": null,
            "discontinuedOperations": null,
            "netIncomeFromContinuingOps": null,
            "netIncomeApplicableToCommonShares": null,
            "preferredStockAndOtherAdjustments": null
        },
        "2010-12-31": {
            "date": "2010-12-31",
            "filing_date": null,
            "currency_symbol": "EUR",
            "researchDevelopment": null,
            "effectOfAccountingCharges": null,
            "incomeBeforeTax": "486115000.00",
            "minorityInterest": "59771000.00",
            "netIncome": null,
            "sellingGeneralAdministrative": "388278000.00",
            "sellingAndMarketingExpenses": null,
            "grossProfit": "1391821000.00",
            "reconciledDepreciation": null,
            "ebit": "662359000.00",
            "ebitda": null,
            "depreciationAndAmortization": null,
            "nonOperatingIncomeNetOther": null,
            "operatingIncome": "662359000.00",
            "otherOperatingExpenses": null,
            "interestExpense": "213074000.00",
            "taxProvision": null,
            "interestIncome": null,
            "netInterestIncome": null,
            "extraordinaryItems": null,
            "nonRecurring": null,
            "otherItems": null,
            "incomeTaxExpense": "121691000.00",
            "totalRevenue": "4025470000.00",
            "totalOperatingExpenses": null,
            "costOfRevenue": "2633649000.00",
            "totalOtherIncomeExpenseNet": null,
            "discontinuedOperations": null,
            "netIncomeFromContinuingOps": null,
            "netIncomeApplicableToCommonShares": null,
            "preferredStockAndOtherAdjustments": null
        },
        "2010-09-30": {
            "date": "2010-09-30",
            "filing_date": null,
            "currency_symbol": "EUR",
            "researchDevelopment": null,
            "effectOfAccountingCharges": null,
            "incomeBeforeTax": "304387000.00",
            "minorityInterest": "21279000.00",
            "netIncome": null,
            "sellingGeneralAdministrative": "364162000.00",
            "sellingAndMarketingExpenses": null,
            "grossProfit": "1256145000.00",
            "reconciledDepreciation": null,
            "ebit": "437253000.00",
            "ebitda": null,
            "depreciationAndAmortization": null,
            "nonOperatingIncomeNetOther": null,
            "operatingIncome": "437253000.00",
            "otherOperatingExpenses": null,
            "interestExpense": "259353000.00",
            "taxProvision": null,
            "interestIncome": null,
            "netInterestIncome": null,
            "extraordinaryItems": null,
            "nonRecurring": null,
            "otherItems": null,
            "incomeTaxExpense": "73627000.00",
            "totalRevenue": "3475990000.00",
            "totalOperatingExpenses": null,
            "costOfRevenue": "2219845000.00",
            "totalOtherIncomeExpenseNet": null,
            "discontinuedOperations": null,
            "netIncomeFromContinuingOps": null,
            "netIncomeApplicableToCommonShares": null,
            "preferredStockAndOtherAdjustments": null
        },
        "2010-06-30": {
            "date": "2010-06-30",
            "filing_date": null,
            "currency_symbol": "EUR",
            "researchDevelopment": null,
            "effectOfAccountingCharges": null,
            "incomeBeforeTax": "388095000.00",
            "minorityInterest": "29591000.00",
            "netIncome": null,
            "sellingGeneralAdministrative": "385227000.00",
            "sellingAndMarketingExpenses": null,
            "grossProfit": "1390246000.00",
            "reconciledDepreciation": null,
            "ebit": "500577000.00",
            "ebitda": null,
            "depreciationAndAmortization": null,
            "nonOperatingIncomeNetOther": null,
            "operatingIncome": "500577000.00",
            "otherOperatingExpenses": null,
            "interestExpense": "554470000.00",
            "taxProvision": null,
            "interestIncome": null,
            "netInterestIncome": null,
            "extraordinaryItems": null,
            "nonRecurring": null,
            "otherItems": null,
            "incomeTaxExpense": "102892000.00",
            "totalRevenue": "3268367000.00",
            "totalOperatingExpenses": null,
            "costOfRevenue": "1878121000.00",
            "totalOtherIncomeExpenseNet": null,
            "discontinuedOperations": null,
            "netIncomeFromContinuingOps": null,
            "netIncomeApplicableToCommonShares": null,
            "preferredStockAndOtherAdjustments": null
        },
        "2010-03-31": {
            "date": "2010-03-31",
            "filing_date": null,
            "currency_symbol": "EUR",
            "researchDevelopment": null,
            "effectOfAccountingCharges": null,
            "incomeBeforeTax": "483236000.00",
            "minorityInterest": "45035000.00",
            "netIncome": null,
            "sellingGeneralAdministrative": "376625000.00",
            "sellingAndMarketingExpenses": null,
            "grossProfit": "1338712000.00",
            "reconciledDepreciation": null,
            "ebit": "585741000.00",
            "ebitda": null,
            "depreciationAndAmortization": null,
            "nonOperatingIncomeNetOther": null,
            "operatingIncome": "585741000.00",
            "otherOperatingExpenses": null,
            "interestExpense": "161260000.00",
            "taxProvision": null,
            "interestIncome": null,
            "netInterestIncome": null,
            "extraordinaryItems": null,
            "nonRecurring": null,
            "otherItems": null,
            "incomeTaxExpense": "129022000.00",
            "totalRevenue": "3494252000.00",
            "totalOperatingExpenses": null,
            "costOfRevenue": "2155540000.00",
            "totalOtherIncomeExpenseNet": null,
            "discontinuedOperations": null,
            "netIncomeFromContinuingOps": null,
            "netIncomeApplicableToCommonShares": null,
            "preferredStockAndOtherAdjustments": null
        },
        "2009-12-31": {
            "date": "2009-12-31",
            "filing_date": null,
            "currency_symbol": "EUR",
            "researchDevelopment": null,
            "effectOfAccountingCharges": null,
            "incomeBeforeTax": "423363000.00",
            "minorityInterest": "56976000.00",
            "netIncome": null,
            "sellingGeneralAdministrative": "323953000.00",
            "sellingAndMarketingExpenses": null,
            "grossProfit": "1356234000.00",
            "reconciledDepreciation": null,
            "ebit": "588130000.00",
            "ebitda": null,
            "depreciationAndAmortization": null,
            "nonOperatingIncomeNetOther": null,
            "operatingIncome": "588130000.00",
            "otherOperatingExpenses": null,
            "interestExpense": "105243000.00",
            "taxProvision": null,
            "interestIncome": null,
            "netInterestIncome": null,
            "extraordinaryItems": null,
            "nonRecurring": null,
            "otherItems": null,
            "incomeTaxExpense": "90624000.00",
            "totalRevenue": "3342520000.00",
            "totalOperatingExpenses": null,
            "costOfRevenue": "1986286000.00",
            "totalOtherIncomeExpenseNet": null,
            "discontinuedOperations": null,
            "netIncomeFromContinuingOps": null,
            "netIncomeApplicableToCommonShares": null,
            "preferredStockAndOtherAdjustments": null
        },
        "2009-09-30": {
            "date": "2009-09-30",
            "filing_date": null,
            "currency_symbol": "EUR",
            "researchDevelopment": null,
            "effectOfAccountingCharges": null,
            "incomeBeforeTax": "410649000.00",
            "minorityInterest": "26407000.00",
            "netIncome": null,
            "sellingGeneralAdministrative": "344873000.00",
            "sellingAndMarketingExpenses": null,
            "grossProfit": "1225094000.00",
            "reconciledDepreciation": null,
            "ebit": "492826000.00",
            "ebitda": null,
            "depreciationAndAmortization": null,
            "nonOperatingIncomeNetOther": null,
            "operatingIncome": "492826000.00",
            "otherOperatingExpenses": null,
            "interestExpense": "300562000.00",
            "taxProvision": null,
            "interestIncome": null,
            "netInterestIncome": null,
            "extraordinaryItems": null,
            "nonRecurring": null,
            "otherItems": null,
            "incomeTaxExpense": "115604000.00",
            "totalRevenue": "2965889000.00",
            "totalOperatingExpenses": null,
            "costOfRevenue": "1740795000.00",
            "totalOtherIncomeExpenseNet": null,
            "discontinuedOperations": null,
            "netIncomeFromContinuingOps": null,
            "netIncomeApplicableToCommonShares": null,
            "preferredStockAndOtherAdjustments": null
        },
        "2009-06-30": {
            "date": "2009-06-30",
            "filing_date": null,
            "currency_symbol": "EUR",
            "researchDevelopment": null,
            "effectOfAccountingCharges": null,
            "incomeBeforeTax": "349708000.00",
            "minorityInterest": "29959000.00",
            "netIncome": null,
            "sellingGeneralAdministrative": "361044000.00",
            "sellingAndMarketingExpenses": null,
            "grossProfit": "1193081000.00",
            "reconciledDepreciation": null,
            "ebit": "447328000.00",
            "ebitda": null,
            "depreciationAndAmortization": null,
            "nonOperatingIncomeNetOther": null,
            "operatingIncome": "447328000.00",
            "otherOperatingExpenses": null,
            "interestExpense": "332026000.00",
            "taxProvision": null,
            "interestIncome": null,
            "netInterestIncome": null,
            "extraordinaryItems": null,
            "nonRecurring": null,
            "otherItems": null,
            "incomeTaxExpense": "105501000.00",
            "totalRevenue": "2656455000.00",
            "totalOperatingExpenses": null,
            "costOfRevenue": "1463374000.00",
            "totalOtherIncomeExpenseNet": null,
            "discontinuedOperations": null,
            "netIncomeFromContinuingOps": null,
            "netIncomeApplicableToCommonShares": null,
            "preferredStockAndOtherAdjustments": null
        },
        "2009-03-31": {
            "date": "2009-03-31",
            "filing_date": null,
            "currency_symbol": "EUR",
            "researchDevelopment": null,
            "effectOfAccountingCharges": null,
            "incomeBeforeTax": "384106000.00",
            "minorityInterest": "30758000.00",
            "netIncome": null,
            "sellingGeneralAdministrative": "346263000.00",
            "sellingAndMarketingExpenses": null,
            "grossProfit": "1207368000.00",
            "reconciledDepreciation": null,
            "ebit": "536198000.00",
            "ebitda": null,
            "depreciationAndAmortization": null,
            "nonOperatingIncomeNetOther": null,
            "operatingIncome": "536198000.00",
            "otherOperatingExpenses": null,
            "interestExpense": "212583000.00",
            "taxProvision": null,
            "interestIncome": null,
            "netInterestIncome": null,
            "extraordinaryItems": null,
            "nonRecurring": null,
            "otherItems": null,
            "incomeTaxExpense": "88036000.00",
            "totalRevenue": "3233319000.00",
            "totalOperatingExpenses": null,
            "costOfRevenue": "2025951000.00",
            "totalOtherIncomeExpenseNet": null,
            "discontinuedOperations": null,
            "netIncomeFromContinuingOps": null,
            "netIncomeApplicableToCommonShares": null,
            "preferredStockAndOtherAdjustments": null
        },
        "2008-12-31": {
            "date": "2008-12-31",
            "filing_date": null,
            "currency_symbol": "EUR",
            "researchDevelopment": null,
            "effectOfAccountingCharges": null,
            "incomeBeforeTax": "194338000.00",
            "minorityInterest": "27576000.00",
            "netIncome": null,
            "sellingGeneralAdministrative": "330659000.00",
            "sellingAndMarketingExpenses": null,
            "grossProfit": "1116809000.00",
            "reconciledDepreciation": null,
            "ebit": "481411000.00",
            "ebitda": null,
            "depreciationAndAmortization": null,
            "nonOperatingIncomeNetOther": null,
            "operatingIncome": "481411000.00",
            "otherOperatingExpenses": null,
            "interestExpense": "1596505000.00",
            "taxProvision": null,
            "interestIncome": null,
            "netInterestIncome": null,
            "extraordinaryItems": "17978000.00",
            "nonRecurring": null,
            "otherItems": null,
            "incomeTaxExpense": "32974000.00",
            "totalRevenue": "3408804000.00",
            "totalOperatingExpenses": null,
            "costOfRevenue": "2291995000.00",
            "totalOtherIncomeExpenseNet": null,
            "discontinuedOperations": null,
            "netIncomeFromContinuingOps": null,
            "netIncomeApplicableToCommonShares": null,
            "preferredStockAndOtherAdjustments": null
        },
        "2008-06-30": {
            "date": "2008-06-30",
            "filing_date": null,
            "currency_symbol": "EUR",
            "researchDevelopment": null,
            "effectOfAccountingCharges": null,
            "incomeBeforeTax": "550679000.00",
            "minorityInterest": "24727000.00",
            "netIncome": null,
            "sellingGeneralAdministrative": "330553000.00",
            "sellingAndMarketingExpenses": null,
            "grossProfit": "1125781000.00",
            "reconciledDepreciation": null,
            "ebit": "410374000.00",
            "ebitda": null,
            "depreciationAndAmortization": null,
            "nonOperatingIncomeNetOther": null,
            "operatingIncome": "410374000.00",
            "otherOperatingExpenses": null,
            "interestExpense": "634040000.00",
            "taxProvision": null,
            "interestIncome": null,
            "netInterestIncome": null,
            "extraordinaryItems": null,
            "nonRecurring": null,
            "otherItems": null,
            "incomeTaxExpense": "85295000.00",
            "totalRevenue": "3025660000.00",
            "totalOperatingExpenses": null,
            "costOfRevenue": "1899879000.00",
            "totalOtherIncomeExpenseNet": null,
            "discontinuedOperations": null,
            "netIncomeFromContinuingOps": null,
            "netIncomeApplicableToCommonShares": null,
            "preferredStockAndOtherAdjustments": null
        },
        "2008-03-31": {
            "date": "2008-03-31",
            "filing_date": null,
            "currency_symbol": "EUR",
            "researchDevelopment": null,
            "effectOfAccountingCharges": null,
            "incomeBeforeTax": "394200000.00",
            "minorityInterest": "38100000.00",
            "netIncome": null,
            "sellingGeneralAdministrative": "348200000.00",
            "sellingAndMarketingExpenses": null,
            "grossProfit": "1258400000.00",
            "reconciledDepreciation": null,
            "ebit": "542600000.00",
            "ebitda": null,
            "depreciationAndAmortization": null,
            "nonOperatingIncomeNetOther": null,
            "operatingIncome": "542600000.00",
            "otherOperatingExpenses": null,
            "interestExpense": "168800000.00",
            "taxProvision": null,
            "interestIncome": null,
            "netInterestIncome": null,
            "extraordinaryItems": null,
            "nonRecurring": null,
            "otherItems": null,
            "incomeTaxExpense": "92800000.00",
            "totalRevenue": "3531600000.00",
            "totalOperatingExpenses": null,
            "costOfRevenue": "2273200000.00",
            "totalOtherIncomeExpenseNet": null,
            "discontinuedOperations": null,
            "netIncomeFromContinuingOps": null,
            "netIncomeApplicableToCommonShares": null,
            "preferredStockAndOtherAdjustments": null
        },
        "2007-12-31": {
            "date": "2007-12-31",
            "filing_date": null,
            "currency_symbol": "EUR",
            "researchDevelopment": null,
            "effectOfAccountingCharges": null,
            "incomeBeforeTax": "285279000.00",
            "minorityInterest": "19979000.00",
            "netIncome": null,
            "sellingGeneralAdministrative": "338699000.00",
            "sellingAndMarketingExpenses": null,
            "grossProfit": "1128235000.00",
            "reconciledDepreciation": null,
            "ebit": "460634000.00",
            "ebitda": null,
            "depreciationAndAmortization": null,
            "nonOperatingIncomeNetOther": null,
            "operatingIncome": "460634000.00",
            "otherOperatingExpenses": null,
            "interestExpense": "334138000.00",
            "taxProvision": null,
            "interestIncome": null,
            "netInterestIncome": null,
            "extraordinaryItems": null,
            "nonRecurring": null,
            "otherItems": null,
            "incomeTaxExpense": "23248000.00",
            "totalRevenue": "2389978000.00",
            "totalOperatingExpenses": null,
            "costOfRevenue": "1261743000.00",
            "totalOtherIncomeExpenseNet": null,
            "discontinuedOperations": null,
            "netIncomeFromContinuingOps": null,
            "netIncomeApplicableToCommonShares": null,
            "preferredStockAndOtherAdjustments": null
        },
        "2007-09-30": {
            "date": "2007-09-30",
            "filing_date": null,
            "currency_symbol": "EUR",
            "researchDevelopment": null,
            "effectOfAccountingCharges": null,
            "incomeBeforeTax": "381059000.00",
            "minorityInterest": "32020000.00",
            "netIncome": null,
            "sellingGeneralAdministrative": "368580000.00",
            "sellingAndMarketingExpenses": null,
            "grossProfit": "1296575000.00",
            "reconciledDepreciation": null,
            "ebit": "501535000.00",
            "ebitda": null,
            "depreciationAndAmortization": null,
            "nonOperatingIncomeNetOther": null,
            "operatingIncome": "501535000.00",
            "otherOperatingExpenses": null,
            "interestExpense": "284855000.00",
            "taxProvision": null,
            "interestIncome": null,
            "netInterestIncome": null,
            "extraordinaryItems": null,
            "nonRecurring": null,
            "otherItems": null,
            "incomeTaxExpense": "92663000.00",
            "totalRevenue": "3173995000.00",
            "totalOperatingExpenses": null,
            "costOfRevenue": "1877420000.00",
            "totalOtherIncomeExpenseNet": null,
            "discontinuedOperations": null,
            "netIncomeFromContinuingOps": null,
            "netIncomeApplicableToCommonShares": null,
            "preferredStockAndOtherAdjustments": null
        },
        "2007-06-30": {
            "date": "2007-06-30",
            "filing_date": null,
            "currency_symbol": "EUR",
            "researchDevelopment": null,
            "effectOfAccountingCharges": null,
            "incomeBeforeTax": "286100000.00",
            "minorityInterest": "34800000.00",
            "netIncome": null,
            "sellingGeneralAdministrative": "352800000.00",
            "sellingAndMarketingExpenses": null,
            "grossProfit": "1121000000.00",
            "reconciledDepreciation": null,
            "ebit": "366500000.00",
            "ebitda": null,
            "depreciationAndAmortization": null,
            "nonOperatingIncomeNetOther": null,
            "operatingIncome": "366500000.00",
            "otherOperatingExpenses": null,
            "interestExpense": "117100000.00",
            "taxProvision": null,
            "interestIncome": null,
            "netInterestIncome": null,
            "extraordinaryItems": null,
            "nonRecurring": null,
            "otherItems": null,
            "incomeTaxExpense": "70600000.00",
            "totalRevenue": "2756200000.00",
            "totalOperatingExpenses": null,
            "costOfRevenue": "1635200000.00",
            "totalOtherIncomeExpenseNet": null,
            "discontinuedOperations": null,
            "netIncomeFromContinuingOps": null,
            "netIncomeApplicableToCommonShares": null,
            "preferredStockAndOtherAdjustments": null
        },
        "2007-03-31": {
            "date": "2007-03-31",
            "filing_date": null,
            "currency_symbol": "EUR",
            "researchDevelopment": null,
            "effectOfAccountingCharges": null,
            "incomeBeforeTax": "382200000.00",
            "minorityInterest": "34700000.00",
            "netIncome": null,
            "sellingGeneralAdministrative": "323500000.00",
            "sellingAndMarketingExpenses": null,
            "grossProfit": "1142000000.00",
            "reconciledDepreciation": null,
            "ebit": "461300000.00",
            "ebitda": null,
            "depreciationAndAmortization": null,
            "nonOperatingIncomeNetOther": null,
            "operatingIncome": "461300000.00",
            "otherOperatingExpenses": null,
            "interestExpense": "106200000.00",
            "taxProvision": null,
            "interestIncome": null,
            "netInterestIncome": null,
            "extraordinaryItems": null,
            "nonRecurring": null,
            "otherItems": null,
            "incomeTaxExpense": "106100000.00",
            "totalRevenue": "2871300000.00",
            "totalOperatingExpenses": null,
            "costOfRevenue": "1729300000.00",
            "totalOtherIncomeExpenseNet": null,
            "discontinuedOperations": null,
            "netIncomeFromContinuingOps": null,
            "netIncomeApplicableToCommonShares": null,
            "preferredStockAndOtherAdjustments": null
        },
        "2006-12-31": {
            "date": "2006-12-31",
            "filing_date": null,
            "currency_symbol": "EUR",
            "researchDevelopment": null,
            "effectOfAccountingCharges": null,
            "incomeBeforeTax": "392652000.00",
            "minorityInterest": "19484000.00",
            "netIncome": null,
            "sellingGeneralAdministrative": "287069000.00",
            "sellingAndMarketingExpenses": null,
            "grossProfit": "936902000.00",
            "reconciledDepreciation": null,
            "ebit": "307745000.00",
            "ebitda": null,
            "depreciationAndAmortization": null,
            "nonOperatingIncomeNetOther": null,
            "operatingIncome": "307745000.00",
            "otherOperatingExpenses": null,
            "interestExpense": "644253000.00",
            "taxProvision": null,
            "interestIncome": null,
            "netInterestIncome": null,
            "extraordinaryItems": null,
            "nonRecurring": null,
            "otherItems": null,
            "incomeTaxExpense": null,
            "totalRevenue": "2432058000.00",
            "totalOperatingExpenses": null,
            "costOfRevenue": "1495156000.00",
            "totalOtherIncomeExpenseNet": null,
            "discontinuedOperations": null,
            "netIncomeFromContinuingOps": null,
            "netIncomeApplicableToCommonShares": null,
            "preferredStockAndOtherAdjustments": null
        },
        "2006-03-31": {
            "date": "2006-03-31",
            "filing_date": null,
            "currency_symbol": "EUR",
            "researchDevelopment": null,
            "effectOfAccountingCharges": null,
            "incomeBeforeTax": "368700000.00",
            "minorityInterest": "23700000.00",
            "netIncome": null,
            "sellingGeneralAdministrative": "327800000.00",
            "sellingAndMarketingExpenses": null,
            "grossProfit": "1011700000.00",
            "reconciledDepreciation": null,
            "ebit": "340100000.00",
            "ebitda": null,
            "depreciationAndAmortization": null,
            "nonOperatingIncomeNetOther": null,
            "operatingIncome": "340100000.00",
            "otherOperatingExpenses": null,
            "interestExpense": "92600000.00",
            "taxProvision": null,
            "interestIncome": null,
            "netInterestIncome": null,
            "extraordinaryItems": null,
            "nonRecurring": null,
            "otherItems": null,
            "incomeTaxExpense": "107900000.00",
            "totalRevenue": "2760000000.00",
            "totalOperatingExpenses": null,
            "costOfRevenue": "1748300000.00",
            "totalOtherIncomeExpenseNet": null,
            "discontinuedOperations": null,
            "netIncomeFromContinuingOps": null,
            "netIncomeApplicableToCommonShares": null,
            "preferredStockAndOtherAdjustments": null
        },
        "2005-12-31": {
            "date": "2005-12-31",
            "filing_date": null,
            "currency_symbol": "EUR",
            "researchDevelopment": null,
            "effectOfAccountingCharges": null,
            "incomeBeforeTax": "724939000.00",
            "minorityInterest": null,
            "netIncome": null,
            "sellingGeneralAdministrative": "343496000.00",
            "sellingAndMarketingExpenses": null,
            "grossProfit": "492871000.00",
            "reconciledDepreciation": null,
            "ebit": null,
            "ebitda": null,
            "depreciationAndAmortization": null,
            "nonOperatingIncomeNetOther": null,
            "operatingIncome": null,
            "otherOperatingExpenses": null,
            "interestExpense": "284177000.00",
            "taxProvision": null,
            "interestIncome": null,
            "netInterestIncome": null,
            "extraordinaryItems": null,
            "nonRecurring": null,
            "otherItems": null,
            "incomeTaxExpense": "1308000.00",
            "totalRevenue": "1823101000.00",
            "totalOperatingExpenses": null,
            "costOfRevenue": "1330230000.00",
            "totalOtherIncomeExpenseNet": null,
            "discontinuedOperations": null,
            "netIncomeFromContinuingOps": null,
            "netIncomeApplicableToCommonShares": null,
            "preferredStockAndOtherAdjustments": null
        },
        "2005-09-30": {
            "date": "2005-09-30",
            "filing_date": null,
            "currency_symbol": "EUR",
            "researchDevelopment": null,
            "effectOfAccountingCharges": null,
            "incomeBeforeTax": "25317000.00",
            "minorityInterest": "16104000.00",
            "netIncome": null,
            "sellingGeneralAdministrative": "472142000.00",
            "sellingAndMarketingExpenses": null,
            "grossProfit": "954661000.00",
            "reconciledDepreciation": null,
            "ebit": "271708000.00",
            "ebitda": null,
            "depreciationAndAmortization": null,
            "nonOperatingIncomeNetOther": null,
            "operatingIncome": "271708000.00",
            "otherOperatingExpenses": null,
            "interestExpense": null,
            "taxProvision": null,
            "interestIncome": null,
            "netInterestIncome": null,
            "extraordinaryItems": "43943000.00",
            "nonRecurring": null,
            "otherItems": null,
            "incomeTaxExpense": "18096000.00",
            "totalRevenue": "2663007000.00",
            "totalOperatingExpenses": null,
            "costOfRevenue": "1708346000.00",
            "totalOtherIncomeExpenseNet": null,
            "discontinuedOperations": null,
            "netIncomeFromContinuingOps": null,
            "netIncomeApplicableToCommonShares": null,
            "preferredStockAndOtherAdjustments": null
        },
        "2005-06-30": {
            "date": "2005-06-30",
            "filing_date": null,
            "currency_symbol": "EUR",
            "researchDevelopment": null,
            "effectOfAccountingCharges": null,
            "incomeBeforeTax": "197300000.00",
            "minorityInterest": "28800000.00",
            "netIncome": null,
            "sellingGeneralAdministrative": "369200000.00",
            "sellingAndMarketingExpenses": null,
            "grossProfit": "951200000.00",
            "reconciledDepreciation": null,
            "ebit": "183900000.00",
            "ebitda": null,
            "depreciationAndAmortization": null,
            "nonOperatingIncomeNetOther": null,
            "operatingIncome": "183900000.00",
            "otherOperatingExpenses": null,
            "interestExpense": "68000000.00",
            "taxProvision": null,
            "interestIncome": null,
            "netInterestIncome": null,
            "extraordinaryItems": null,
            "nonRecurring": null,
            "otherItems": null,
            "incomeTaxExpense": "67100000.00",
            "totalRevenue": "2390600000.00",
            "totalOperatingExpenses": null,
            "costOfRevenue": "1439400000.00",
            "totalOtherIncomeExpenseNet": null,
            "discontinuedOperations": null,
            "netIncomeFromContinuingOps": null,
            "netIncomeApplicableToCommonShares": null,
            "preferredStockAndOtherAdjustments": null
        },
        "2005-03-31": {
            "date": "2005-03-31",
            "filing_date": null,
            "currency_symbol": "EUR",
            "researchDevelopment": null,
            "effectOfAccountingCharges": null,
            "incomeBeforeTax": "287700000.00",
            "minorityInterest": "3000000.00",
            "netIncome": null,
            "sellingGeneralAdministrative": "335500000.00",
            "sellingAndMarketingExpenses": null,
            "grossProfit": "999200000.00",
            "reconciledDepreciation": null,
            "ebit": "353400000.00",
            "ebitda": null,
            "depreciationAndAmortization": null,
            "nonOperatingIncomeNetOther": null,
            "operatingIncome": "353400000.00",
            "otherOperatingExpenses": null,
            "interestExpense": "91900000.00",
            "taxProvision": null,
            "interestIncome": null,
            "netInterestIncome": null,
            "extraordinaryItems": null,
            "nonRecurring": null,
            "otherItems": null,
            "incomeTaxExpense": "67800000.00",
            "totalRevenue": "2453500000.00",
            "totalOperatingExpenses": null,
            "costOfRevenue": "1454300000.00",
            "totalOtherIncomeExpenseNet": null,
            "discontinuedOperations": null,
            "netIncomeFromContinuingOps": null,
            "netIncomeApplicableToCommonShares": null,
            "preferredStockAndOtherAdjustments": null
        },
        "2004-12-31": {
            "date": "2004-12-31",
            "filing_date": null,
            "currency_symbol": "EUR",
            "researchDevelopment": null,
            "effectOfAccountingCharges": null,
            "incomeBeforeTax": "103624000.00",
            "minorityInterest": null,
            "netIncome": null,
            "sellingGeneralAdministrative": null,
            "sellingAndMarketingExpenses": null,
            "grossProfit": "1909588000.00",
            "reconciledDepreciation": null,
            "ebit": null,
            "ebitda": null,
            "depreciationAndAmortization": null,
            "nonOperatingIncomeNetOther": null,
            "operatingIncome": null,
            "otherOperatingExpenses": null,
            "interestExpense": null,
            "taxProvision": null,
            "interestIncome": null,
            "netInterestIncome": null,
            "extraordinaryItems": null,
            "nonRecurring": null,
            "otherItems": null,
            "incomeTaxExpense": "23941000.00",
            "totalRevenue": "1909588000.00",
            "totalOperatingExpenses": null,
            "costOfRevenue": null,
            "totalOtherIncomeExpenseNet": null,
            "discontinuedOperations": null,
            "netIncomeFromContinuingOps": null,
            "netIncomeApplicableToCommonShares": null,
            "preferredStockAndOtherAdjustments": null
        },
        "2004-09-30": {
            "date": "2004-09-30",
            "filing_date": null,
            "currency_symbol": "EUR",
            "researchDevelopment": null,
            "effectOfAccountingCharges": null,
            "incomeBeforeTax": "104802000.00",
            "minorityInterest": null,
            "netIncome": null,
            "sellingGeneralAdministrative": null,
            "sellingAndMarketingExpenses": null,
            "grossProfit": "1772124000.00",
            "reconciledDepreciation": null,
            "ebit": "234484000.00",
            "ebitda": null,
            "depreciationAndAmortization": null,
            "nonOperatingIncomeNetOther": null,
            "operatingIncome": "234484000.00",
            "otherOperatingExpenses": null,
            "interestExpense": null,
            "taxProvision": null,
            "interestIncome": null,
            "netInterestIncome": null,
            "extraordinaryItems": null,
            "nonRecurring": null,
            "otherItems": null,
            "incomeTaxExpense": "32284000.00",
            "totalRevenue": "1772124000.00",
            "totalOperatingExpenses": null,
            "costOfRevenue": null,
            "totalOtherIncomeExpenseNet": null,
            "discontinuedOperations": null,
            "netIncomeFromContinuingOps": null,
            "netIncomeApplicableToCommonShares": null,
            "preferredStockAndOtherAdjustments": null
        },
        "2004-06-30": {
            "date": "2004-06-30",
            "filing_date": null,
            "currency_symbol": "EUR",
            "researchDevelopment": null,
            "effectOfAccountingCharges": null,
            "incomeBeforeTax": "127792000.00",
            "minorityInterest": null,
            "netIncome": null,
            "sellingGeneralAdministrative": null,
            "sellingAndMarketingExpenses": null,
            "grossProfit": "1741340000.00",
            "reconciledDepreciation": null,
            "ebit": "227662000.00",
            "ebitda": null,
            "depreciationAndAmortization": null,
            "nonOperatingIncomeNetOther": null,
            "operatingIncome": "227662000.00",
            "otherOperatingExpenses": null,
            "interestExpense": null,
            "taxProvision": null,
            "interestIncome": null,
            "netInterestIncome": null,
            "extraordinaryItems": null,
            "nonRecurring": null,
            "otherItems": null,
            "incomeTaxExpense": "54628000.00",
            "totalRevenue": "1741340000.00",
            "totalOperatingExpenses": null,
            "costOfRevenue": null,
            "totalOtherIncomeExpenseNet": null,
            "discontinuedOperations": null,
            "netIncomeFromContinuingOps": null,
            "netIncomeApplicableToCommonShares": null,
            "preferredStockAndOtherAdjustments": null
        },
        "2004-03-31": {
            "date": "2004-03-31",
            "filing_date": null,
            "currency_symbol": "EUR",
            "researchDevelopment": null,
            "effectOfAccountingCharges": null,
            "incomeBeforeTax": "222244000.00",
            "minorityInterest": null,
            "netIncome": null,
            "sellingGeneralAdministrative": null,
            "sellingAndMarketingExpenses": null,
            "grossProfit": "1798638000.00",
            "reconciledDepreciation": null,
            "ebit": "323905000.00",
            "ebitda": null,
            "depreciationAndAmortization": null,
            "nonOperatingIncomeNetOther": null,
            "operatingIncome": "323905000.00",
            "otherOperatingExpenses": null,
            "interestExpense": null,
            "taxProvision": null,
            "interestIncome": null,
            "netInterestIncome": null,
            "extraordinaryItems": null,
            "nonRecurring": null,
            "otherItems": null,
            "incomeTaxExpense": "48764000.00",
            "totalRevenue": "1798638000.00",
            "totalOperatingExpenses": null,
            "costOfRevenue": null,
            "totalOtherIncomeExpenseNet": null,
            "discontinuedOperations": null,
            "netIncomeFromContinuingOps": null,
            "netIncomeApplicableToCommonShares": null,
            "preferredStockAndOtherAdjustments": null
        }
    },
    "yearly": {
        "2024-12-31": {
            "date": "2024-12-31",
            "filing_date": null,
            "currency_symbol": "EUR",
            "researchDevelopment": null,
            "effectOfAccountingCharges": null,
            "incomeBeforeTax": "1379493000.00",
            "minorityInterest": "-24410000.00",
            "netIncome": "800980000.00",
            "sellingGeneralAdministrative": null,
            "sellingAndMarketingExpenses": null,
            "grossProfit": "5756667000.00",
            "reconciledDepreciation": "2385198000.00",
            "ebit": "1738347000.00",
            "ebitda": null,
            "depreciationAndAmortization": null,
            "nonOperatingIncomeNetOther": null,
            "operatingIncome": "1738347000.00",
            "otherOperatingExpenses": null,
            "interestExpense": "1094669000.00",
            "taxProvision": "506355000.00",
            "interestIncome": "319845000.00",
            "netInterestIncome": "-845337000.00",
            "extraordinaryItems": null,
            "nonRecurring": null,
            "otherItems": null,
            "incomeTaxExpense": null,
            "totalRevenue": "14965762000.00",
            "totalOperatingExpenses": "13227415000.00",
            "costOfRevenue": "9209095000.00",
            "totalOtherIncomeExpenseNet": null,
            "discontinuedOperations": null,
            "netIncomeFromContinuingOps": "873138000.00",
            "netIncomeApplicableToCommonShares": null,
            "preferredStockAndOtherAdjustments": null
        },
        "2023-12-31": {
            "date": "2023-12-31",
            "filing_date": null,
            "currency_symbol": "EUR",
            "researchDevelopment": null,
            "effectOfAccountingCharges": null,
            "incomeBeforeTax": "1887974000.00",
            "minorityInterest": "-379042000.00",
            "netIncome": "952348000.00",
            "sellingGeneralAdministrative": null,
            "sellingAndMarketingExpenses": null,
            "grossProfit": "5821046000.00",
            "reconciledDepreciation": "2058973000.00",
            "ebit": "2244387000.00",
            "ebitda": null,
            "depreciationAndAmortization": null,
            "nonOperatingIncomeNetOther": null,
            "operatingIncome": "2244387000.00",
            "otherOperatingExpenses": null,
            "interestExpense": "1175490000.00",
            "taxProvision": "507219000.00",
            "interestIncome": "357679000.00",
            "netInterestIncome": "-855228000.00",
            "extraordinaryItems": null,
            "nonRecurring": null,
            "otherItems": null,
            "incomeTaxExpense": null,
            "totalRevenue": "16202308000.00",
            "totalOperatingExpenses": "13957921000.00",
            "costOfRevenue": "10381262000.00",
            "totalOtherIncomeExpenseNet": null,
            "discontinuedOperations": null,
            "netIncomeFromContinuingOps": "1380755000.00",
            "netIncomeApplicableToCommonShares": null,
            "preferredStockAndOtherAdjustments": null
        },
        "2022-12-31": {
            "date": "2022-12-31",
            "filing_date": null,
            "currency_symbol": "EUR",
            "researchDevelopment": null,
            "effectOfAccountingCharges": null,
            "incomeBeforeTax": "1619773000.00",
            "minorityInterest": "-490748000.00",
            "netIncome": "679001000.00",
            "sellingGeneralAdministrative": null,
            "sellingAndMarketingExpenses": null,
            "grossProfit": "5017383000.00",
            "reconciledDepreciation": "1999909000.00",
            "ebit": "1802281000.00",
            "ebitda": "4682256000.00",
            "depreciationAndAmortization": null,
            "nonOperatingIncomeNetOther": null,
            "operatingIncome": "1471581000.00",
            "otherOperatingExpenses": "510630000.00",
            "interestExpense": "1062574000.00",
            "taxProvision": "398490000.00",
            "interestIncome": "220016000.00",
            "netInterestIncome": "-870995000.00",
            "extraordinaryItems": null,
            "nonRecurring": null,
            "otherItems": null,
            "incomeTaxExpense": "398490000.00",
            "totalRevenue": "20650764000.00",
            "totalOperatingExpenses": "19179183000.00",
            "costOfRevenue": "15633381000.00",
            "totalOtherIncomeExpenseNet": null,
            "discontinuedOperations": null,
            "netIncomeFromContinuingOps": "1221283000.00",
            "netIncomeApplicableToCommonShares": "679001000.00",
            "preferredStockAndOtherAdjustments": null
        },
        "2021-12-31": {
            "date": "2021-12-31",
            "filing_date": null,
            "currency_symbol": "EUR",
            "researchDevelopment": null,
            "effectOfAccountingCharges": null,
            "incomeBeforeTax": "1419852000.00",
            "minorityInterest": "-447929000.00",
            "netIncome": "656717000.00",
            "sellingGeneralAdministrative": null,
            "sellingAndMarketingExpenses": null,
            "grossProfit": "4462942000.00",
            "reconciledDepreciation": "1731755000.00",
            "ebit": "823611000.00",
            "ebitda": "3823870000.00",
            "depreciationAndAmortization": null,
            "nonOperatingIncomeNetOther": null,
            "operatingIncome": "875448000.00",
            "otherOperatingExpenses": "470743000.00",
            "interestExpense": "672263000.00",
            "taxProvision": "261892000.00",
            "interestIncome": "121257000.00",
            "netInterestIncome": "-539574000.00",
            "extraordinaryItems": null,
            "nonRecurring": null,
            "otherItems": null,
            "incomeTaxExpense": "261892000.00",
            "totalRevenue": "14982909000.00",
            "totalOperatingExpenses": "14107461000.00",
            "costOfRevenue": "10519967000.00",
            "totalOtherIncomeExpenseNet": null,
            "discontinuedOperations": null,
            "netIncomeFromContinuingOps": "1157960000.00",
            "netIncomeApplicableToCommonShares": "656717000.00",
            "preferredStockAndOtherAdjustments": null
        },
        "2020-12-31": {
            "date": "2020-12-31",
            "filing_date": null,
            "currency_symbol": "EUR",
            "researchDevelopment": null,
            "effectOfAccountingCharges": null,
            "incomeBeforeTax": "1535414000.00",
            "minorityInterest": "3495754000.00",
            "netIncome": "800692000.00",
            "sellingGeneralAdministrative": "89907000.00",
            "sellingAndMarketingExpenses": null,
            "grossProfit": "4738276000.00",
            "reconciledDepreciation": "1631831000.00",
            "ebit": "1194015000.00",
            "ebitda": "3811713000.00",
            "depreciationAndAmortization": null,
            "nonOperatingIncomeNetOther": null,
            "operatingIncome": "1237770000.00",
            "otherOperatingExpenses": "419603000.00",
            "interestExpense": "644468000.00",
            "taxProvision": "309112000.00",
            "interestIncome": "78377000.00",
            "netInterestIncome": "-648765000.00",
            "extraordinaryItems": null,
            "nonRecurring": null,
            "otherItems": null,
            "incomeTaxExpense": "309112000.00",
            "totalRevenue": "12448205000.00",
            "totalOperatingExpenses": "11210435000.00",
            "costOfRevenue": "7709929000.00",
            "totalOtherIncomeExpenseNet": null,
            "discontinuedOperations": null,
            "netIncomeFromContinuingOps": "1226302000.00",
            "netIncomeApplicableToCommonShares": "800692000.00",
            "preferredStockAndOtherAdjustments": null
        },
        "2019-12-31": {
            "date": "2019-12-31",
            "filing_date": null,
            "currency_symbol": "EUR",
            "researchDevelopment": null,
            "effectOfAccountingCharges": null,
            "incomeBeforeTax": "1193705000.00",
            "minorityInterest": "3773826000.00",
            "netIncome": "511751000.00",
            "sellingGeneralAdministrative": "96362000.00",
            "sellingAndMarketingExpenses": null,
            "grossProfit": "4820872000.00",
            "reconciledDepreciation": "1765619000.00",
            "ebit": "1169570000.00",
            "ebitda": "3820961000.00",
            "depreciationAndAmortization": null,
            "nonOperatingIncomeNetOther": null,
            "operatingIncome": "1221163000.00",
            "otherOperatingExpenses": "417027000.00",
            "interestExpense": "861637000.00",
            "taxProvision": "225901000.00",
            "interestIncome": "178852000.00",
            "netInterestIncome": "-688502000.00",
            "extraordinaryItems": null,
            "nonRecurring": null,
            "otherItems": null,
            "incomeTaxExpense": "225901000.00",
            "totalRevenue": "14333009000.00",
            "totalOperatingExpenses": "13111846000.00",
            "costOfRevenue": "9512137000.00",
            "totalOtherIncomeExpenseNet": "-717054000.00",
            "discontinuedOperations": null,
            "netIncomeFromContinuingOps": "967804000.00",
            "netIncomeApplicableToCommonShares": "511751000.00",
            "preferredStockAndOtherAdjustments": null
        },
        "2018-12-31": {
            "date": "2018-12-31",
            "filing_date": null,
            "currency_symbol": "EUR",
            "researchDevelopment": null,
            "effectOfAccountingCharges": null,
            "incomeBeforeTax": "1041092000.00",
            "minorityInterest": "3932149000.00",
            "netIncome": "519189000.00",
            "sellingGeneralAdministrative": "55463000.00",
            "sellingAndMarketingExpenses": null,
            "grossProfit": "4710864000.00",
            "reconciledDepreciation": "1424377000.00",
            "ebit": "1343512000.00",
            "ebitda": "3230454000.00",
            "depreciationAndAmortization": null,
            "nonOperatingIncomeNetOther": null,
            "operatingIncome": "1063757000.00",
            "otherOperatingExpenses": "670047000.00",
            "interestExpense": "764985000.00",
            "taxProvision": "99666000.00",
            "interestIncome": "109461000.00",
            "netInterestIncome": "-675711000.00",
            "extraordinaryItems": null,
            "nonRecurring": null,
            "otherItems": null,
            "incomeTaxExpense": "99666000.00",
            "totalRevenue": "15278085000.00",
            "totalOperatingExpenses": "14214328000.00",
            "costOfRevenue": "10567221000.00",
            "totalOtherIncomeExpenseNet": "-367765000.00",
            "discontinuedOperations": null,
            "netIncomeFromContinuingOps": "941426000.00",
            "netIncomeApplicableToCommonShares": "519189000.00",
            "preferredStockAndOtherAdjustments": null
        },
        "2017-12-31": {
            "date": "2017-12-31",
            "filing_date": null,
            "currency_symbol": "EUR",
            "researchDevelopment": null,
            "effectOfAccountingCharges": null,
            "incomeBeforeTax": "1520985000.00",
            "minorityInterest": "3934322000.00",
            "netIncome": "1113169000.00",
            "sellingGeneralAdministrative": "50408000.00",
            "sellingAndMarketingExpenses": null,
            "grossProfit": "4999626000.00",
            "reconciledDepreciation": "1675659000.00",
            "ebit": "1524918000.00",
            "ebitda": "4154618000.00",
            "depreciationAndAmortization": null,
            "nonOperatingIncomeNetOther": null,
            "operatingIncome": "1345143000.00",
            "otherOperatingExpenses": "463525000.00",
            "interestExpense": "0.00",
            "taxProvision": "10304000.00",
            "interestIncome": "175559000.00",
            "netInterestIncome": "-826177000.00",
            "extraordinaryItems": null,
            "nonRecurring": null,
            "otherItems": null,
            "incomeTaxExpense": "10304000.00",
            "totalRevenue": "15745987000.00",
            "totalOperatingExpenses": "14400844000.00",
            "costOfRevenue": "10746361000.00",
            "totalOtherIncomeExpenseNet": "-73179000.00",
            "discontinuedOperations": null,
            "netIncomeFromContinuingOps": "1510681000.00",
            "netIncomeApplicableToCommonShares": "1113169000.00",
            "preferredStockAndOtherAdjustments": null
        },
        "2016-12-31": {
            "date": "2016-12-31",
            "filing_date": null,
            "currency_symbol": "EUR",
            "researchDevelopment": null,
            "effectOfAccountingCharges": null,
            "incomeBeforeTax": "1350537000.00",
            "minorityInterest": "4330085000.00",
            "netIncome": "960561000.00",
            "sellingGeneralAdministrative": "54649000.00",
            "sellingAndMarketingExpenses": null,
            "grossProfit": "5373540000.00",
            "reconciledDepreciation": null,
            "ebit": "3844247000.00",
            "ebitda": null,
            "depreciationAndAmortization": null,
            "nonOperatingIncomeNetOther": null,
            "operatingIncome": "1955836000.00",
            "otherOperatingExpenses": "488131000.00",
            "interestExpense": "0.00",
            "taxProvision": "88796000.00",
            "interestIncome": "180818000.00",
            "netInterestIncome": "-855723000.00",
            "extraordinaryItems": null,
            "nonRecurring": null,
            "otherItems": null,
            "incomeTaxExpense": "88796000.00",
            "totalRevenue": "14595164000.00",
            "totalOperatingExpenses": "12639328000.00",
            "costOfRevenue": "9221624000.00",
            "totalOtherIncomeExpenseNet": "-543767000.00",
            "discontinuedOperations": null,
            "netIncomeFromContinuingOps": "1261741000.00",
            "netIncomeApplicableToCommonShares": "960561000.00",
            "preferredStockAndOtherAdjustments": null
        },
        "2015-12-31": {
            "date": "2015-12-31",
            "filing_date": null,
            "currency_symbol": "EUR",
            "researchDevelopment": null,
            "effectOfAccountingCharges": null,
            "incomeBeforeTax": "1524911000.00",
            "minorityInterest": "3451718000.00",
            "netIncome": "912703000.00",
            "sellingGeneralAdministrative": "1561555000.00",
            "sellingAndMarketingExpenses": null,
            "grossProfit": "5125194000.00",
            "reconciledDepreciation": null,
            "ebit": "1679144000.00",
            "ebitda": null,
            "depreciationAndAmortization": null,
            "nonOperatingIncomeNetOther": null,
            "operatingIncome": "1679144000.00",
            "otherOperatingExpenses": "470920000.00",
            "interestExpense": "0.00",
            "taxProvision": null,
            "interestIncome": null,
            "netInterestIncome": null,
            "extraordinaryItems": null,
            "nonRecurring": null,
            "otherItems": null,
            "incomeTaxExpense": "277769000.00",
            "totalRevenue": "15516799000.00",
            "totalOperatingExpenses": "13837655000.00",
            "costOfRevenue": "10391605000.00",
            "totalOtherIncomeExpenseNet": "-154233000.00",
            "discontinuedOperations": null,
            "netIncomeFromContinuingOps": "1247142000.00",
            "netIncomeApplicableToCommonShares": "912703000.00",
            "preferredStockAndOtherAdjustments": null
        },
        "2014-12-31": {
            "date": "2014-12-31",
            "filing_date": null,
            "currency_symbol": "EUR",
            "researchDevelopment": null,
            "effectOfAccountingCharges": null,
            "incomeBeforeTax": "1574762000.00",
            "minorityInterest": "223362000.00",
            "netIncome": "1040448000.00",
            "sellingGeneralAdministrative": "1426092000.00",
            "sellingAndMarketingExpenses": null,
            "grossProfit": null,
            "reconciledDepreciation": null,
            "ebit": "1845742000.00",
            "ebitda": null,
            "depreciationAndAmortization": null,
            "nonOperatingIncomeNetOther": null,
            "operatingIncome": "1845742000.00",
            "otherOperatingExpenses": null,
            "interestExpense": "0.00",
            "taxProvision": null,
            "interestIncome": null,
            "netInterestIncome": null,
            "extraordinaryItems": null,
            "nonRecurring": null,
            "otherItems": null,
            "incomeTaxExpense": "310952000.00",
            "totalRevenue": "16293883000.00",
            "totalOperatingExpenses": null,
            "costOfRevenue": "11242287000.00",
            "totalOtherIncomeExpenseNet": null,
            "discontinuedOperations": null,
            "netIncomeFromContinuingOps": null,
            "netIncomeApplicableToCommonShares": "1040448000.00",
            "preferredStockAndOtherAdjustments": null
        },
        "2013-12-31": {
            "date": "2013-12-31",
            "filing_date": null,
            "currency_symbol": "EUR",
            "researchDevelopment": null,
            "effectOfAccountingCharges": null,
            "incomeBeforeTax": "1381520000.00",
            "minorityInterest": "188432000.00",
            "netIncome": "1005091000.00",
            "sellingGeneralAdministrative": "1585392000.00",
            "sellingAndMarketingExpenses": null,
            "grossProfit": null,
            "reconciledDepreciation": null,
            "ebit": "1980267000.00",
            "ebitda": null,
            "depreciationAndAmortization": null,
            "nonOperatingIncomeNetOther": null,
            "operatingIncome": "1980267000.00",
            "otherOperatingExpenses": null,
            "interestExpense": "0.00",
            "taxProvision": null,
            "interestIncome": null,
            "netInterestIncome": null,
            "extraordinaryItems": null,
            "nonRecurring": null,
            "otherItems": null,
            "incomeTaxExpense": "187997000.00",
            "totalRevenue": "16103190000.00",
            "totalOperatingExpenses": null,
            "costOfRevenue": "10894748000.00",
            "totalOtherIncomeExpenseNet": null,
            "discontinuedOperations": null,
            "netIncomeFromContinuingOps": null,
            "netIncomeApplicableToCommonShares": "1005091000.00",
            "preferredStockAndOtherAdjustments": null
        },
        "2012-12-31": {
            "date": "2012-12-31",
            "filing_date": null,
            "currency_symbol": "EUR",
            "researchDevelopment": null,
            "effectOfAccountingCharges": null,
            "incomeBeforeTax": "1464692000.00",
            "minorityInterest": "169672000.00",
            "netIncome": "1012483000.00",
            "sellingGeneralAdministrative": "1572975000.00",
            "sellingAndMarketingExpenses": null,
            "grossProfit": null,
            "reconciledDepreciation": null,
            "ebit": "2159735000.00",
            "ebitda": null,
            "depreciationAndAmortization": null,
            "nonOperatingIncomeNetOther": null,
            "operatingIncome": "2159735000.00",
            "otherOperatingExpenses": null,
            "interestExpense": "0.00",
            "taxProvision": null,
            "interestIncome": null,
            "netInterestIncome": null,
            "extraordinaryItems": null,
            "nonRecurring": null,
            "otherItems": null,
            "incomeTaxExpense": "282537000.00",
            "totalRevenue": "16339854000.00",
            "totalOperatingExpenses": null,
            "costOfRevenue": "11237978000.00",
            "totalOtherIncomeExpenseNet": null,
            "discontinuedOperations": null,
            "netIncomeFromContinuingOps": null,
            "netIncomeApplicableToCommonShares": "1012483000.00",
            "preferredStockAndOtherAdjustments": null
        },
        "2011-12-31": {
            "date": "2011-12-31",
            "filing_date": null,
            "currency_symbol": "EUR",
            "researchDevelopment": null,
            "effectOfAccountingCharges": null,
            "incomeBeforeTax": "1592357000.00",
            "minorityInterest": "207316000.00",
            "netIncome": "1124663000.00",
            "sellingGeneralAdministrative": "1535948000.00",
            "sellingAndMarketingExpenses": null,
            "grossProfit": null,
            "reconciledDepreciation": null,
            "ebit": "2272448000.00",
            "ebitda": null,
            "depreciationAndAmortization": null,
            "nonOperatingIncomeNetOther": null,
            "operatingIncome": "2272448000.00",
            "otherOperatingExpenses": null,
            "interestExpense": "0.00",
            "taxProvision": null,
            "interestIncome": null,
            "netInterestIncome": null,
            "extraordinaryItems": null,
            "nonRecurring": null,
            "otherItems": null,
            "incomeTaxExpense": "260378000.00",
            "totalRevenue": "15120851000.00",
            "totalOperatingExpenses": null,
            "costOfRevenue": "9719865000.00",
            "totalOtherIncomeExpenseNet": null,
            "discontinuedOperations": null,
            "netIncomeFromContinuingOps": null,
            "netIncomeApplicableToCommonShares": "1124663000.00",
            "preferredStockAndOtherAdjustments": null
        },
        "2010-12-31": {
            "date": "2010-12-31",
            "filing_date": null,
            "currency_symbol": "EUR",
            "researchDevelopment": null,
            "effectOfAccountingCharges": null,
            "incomeBeforeTax": "1661833000.00",
            "minorityInterest": "155676000.00",
            "netIncome": "1078925000.00",
            "sellingGeneralAdministrative": "1519351000.00",
            "sellingAndMarketingExpenses": null,
            "grossProfit": null,
            "reconciledDepreciation": null,
            "ebit": "2086656000.00",
            "ebitda": null,
            "depreciationAndAmortization": null,
            "nonOperatingIncomeNetOther": null,
            "operatingIncome": "2086656000.00",
            "otherOperatingExpenses": null,
            "interestExpense": "0.00",
            "taxProvision": null,
            "interestIncome": null,
            "netInterestIncome": null,
            "extraordinaryItems": null,
            "nonRecurring": null,
            "otherItems": null,
            "incomeTaxExpense": "427232000.00",
            "totalRevenue": "14170742000.00",
            "totalOperatingExpenses": null,
            "costOfRevenue": "9081235000.00",
            "totalOtherIncomeExpenseNet": null,
            "discontinuedOperations": null,
            "netIncomeFromContinuingOps": null,
            "netIncomeApplicableToCommonShares": "1078925000.00",
            "preferredStockAndOtherAdjustments": null
        },
        "2009-12-31": {
            "date": "2009-12-31",
            "filing_date": null,
            "currency_symbol": "EUR",
            "researchDevelopment": null,
            "effectOfAccountingCharges": null,
            "incomeBeforeTax": "1567712000.00",
            "minorityInterest": "144102000.00",
            "netIncome": "1023845000.00",
            "sellingGeneralAdministrative": "1185517000.00",
            "sellingAndMarketingExpenses": null,
            "grossProfit": null,
            "reconciledDepreciation": null,
            "ebit": "2077193000.00",
            "ebitda": null,
            "depreciationAndAmortization": null,
            "nonOperatingIncomeNetOther": null,
            "operatingIncome": "2077193000.00",
            "otherOperatingExpenses": null,
            "interestExpense": "0.00",
            "taxProvision": null,
            "interestIncome": null,
            "netInterestIncome": null,
            "extraordinaryItems": null,
            "nonRecurring": null,
            "otherItems": null,
            "incomeTaxExpense": "399765000.00",
            "totalRevenue": "12198183000.00",
            "totalOperatingExpenses": null,
            "costOfRevenue": "7334072000.00",
            "totalOtherIncomeExpenseNet": null,
            "discontinuedOperations": null,
            "netIncomeFromContinuingOps": null,
            "netIncomeApplicableToCommonShares": "1023845000.00",
            "preferredStockAndOtherAdjustments": null
        },
        "2008-12-31": {
            "date": "2008-12-31",
            "filing_date": null,
            "currency_symbol": "EUR",
            "researchDevelopment": null,
            "effectOfAccountingCharges": null,
            "incomeBeforeTax": "1477238000.00",
            "minorityInterest": "120476000.00",
            "netIncome": "1082288000.00",
            "sellingGeneralAdministrative": "1386859000.00",
            "sellingAndMarketingExpenses": null,
            "grossProfit": null,
            "reconciledDepreciation": null,
            "ebit": "1988911000.00",
            "ebitda": null,
            "depreciationAndAmortization": null,
            "nonOperatingIncomeNetOther": null,
            "operatingIncome": "1988911000.00",
            "otherOperatingExpenses": null,
            "interestExpense": "0.00",
            "taxProvision": null,
            "interestIncome": null,
            "netInterestIncome": null,
            "extraordinaryItems": null,
            "nonRecurring": null,
            "otherItems": null,
            "incomeTaxExpense": "274474000.00",
            "totalRevenue": "13671204000.00",
            "totalOperatingExpenses": null,
            "costOfRevenue": "8872895000.00",
            "totalOtherIncomeExpenseNet": null,
            "discontinuedOperations": null,
            "netIncomeFromContinuingOps": null,
            "netIncomeApplicableToCommonShares": "1082288000.00",
            "preferredStockAndOtherAdjustments": null
        },
        "2007-12-31": {
            "date": "2007-12-31",
            "filing_date": null,
            "currency_symbol": "EUR",
            "researchDevelopment": null,
            "effectOfAccountingCharges": null,
            "incomeBeforeTax": "1300779000.00",
            "minorityInterest": "112679000.00",
            "netIncome": "907252000.00",
            "sellingGeneralAdministrative": "1367099000.00",
            "sellingAndMarketingExpenses": null,
            "grossProfit": null,
            "reconciledDepreciation": null,
            "ebit": "1736534000.00",
            "ebitda": null,
            "depreciationAndAmortization": null,
            "nonOperatingIncomeNetOther": null,
            "operatingIncome": "1736534000.00",
            "otherOperatingExpenses": null,
            "interestExpense": "0.00",
            "taxProvision": null,
            "interestIncome": null,
            "netInterestIncome": null,
            "extraordinaryItems": null,
            "nonRecurring": null,
            "otherItems": null,
            "incomeTaxExpense": "280848000.00",
            "totalRevenue": "11010778000.00",
            "totalOperatingExpenses": null,
            "costOfRevenue": "6448543000.00",
            "totalOtherIncomeExpenseNet": null,
            "discontinuedOperations": null,
            "netIncomeFromContinuingOps": null,
            "netIncomeApplicableToCommonShares": "907252000.00",
            "preferredStockAndOtherAdjustments": null
        },
        "2006-12-31": {
            "date": "2006-12-31",
            "filing_date": null,
            "currency_symbol": "EUR",
            "researchDevelopment": null,
            "effectOfAccountingCharges": null,
            "incomeBeforeTax": "1354552000.00",
            "minorityInterest": "76184000.00",
            "netIncome": "1011911000.00",
            "sellingGeneralAdministrative": "1347769000.00",
            "sellingAndMarketingExpenses": null,
            "grossProfit": null,
            "reconciledDepreciation": null,
            "ebit": "1298145000.00",
            "ebitda": null,
            "depreciationAndAmortization": null,
            "nonOperatingIncomeNetOther": null,
            "operatingIncome": "1298145000.00",
            "otherOperatingExpenses": null,
            "interestExpense": "0.00",
            "taxProvision": null,
            "interestIncome": null,
            "netInterestIncome": null,
            "extraordinaryItems": null,
            "nonRecurring": null,
            "otherItems": null,
            "incomeTaxExpense": "266457000.00",
            "totalRevenue": "10185658000.00",
            "totalOperatingExpenses": null,
            "costOfRevenue": "6170156000.00",
            "totalOtherIncomeExpenseNet": null,
            "discontinuedOperations": null,
            "netIncomeFromContinuingOps": null,
            "netIncomeApplicableToCommonShares": "1011911000.00",
            "preferredStockAndOtherAdjustments": null
        },
        "2005-12-31": {
            "date": "2005-12-31",
            "filing_date": null,
            "currency_symbol": "EUR",
            "researchDevelopment": null,
            "effectOfAccountingCharges": null,
            "incomeBeforeTax": "1232539000.00",
            "minorityInterest": "40859000.00",
            "netIncome": "1034572000.00",
            "sellingGeneralAdministrative": "1443496000.00",
            "sellingAndMarketingExpenses": null,
            "grossProfit": "4069021597.00",
            "reconciledDepreciation": null,
            "ebit": "2147593165.00",
            "ebitda": null,
            "depreciationAndAmortization": null,
            "nonOperatingIncomeNetOther": null,
            "operatingIncome": "560225000.00",
            "otherOperatingExpenses": "367772782.00",
            "interestExpense": "0.00",
            "taxProvision": null,
            "interestIncome": null,
            "netInterestIncome": null,
            "extraordinaryItems": null,
            "nonRecurring": "93633926.00",
            "otherItems": null,
            "incomeTaxExpense": "157108000.00",
            "totalRevenue": "9246301000.00",
            "totalOperatingExpenses": "0.00",
            "costOfRevenue": "5908730000.00",
            "totalOtherIncomeExpenseNet": "795150494.00",
            "discontinuedOperations": "53916256.00",
            "netIncomeFromContinuingOps": "1259477932.00",
            "netIncomeApplicableToCommonShares": "1034572000.00",
            "preferredStockAndOtherAdjustments": null
        },
        "2004-12-31": {
            "date": "2004-12-31",
            "filing_date": null,
            "currency_symbol": "EUR",
            "researchDevelopment": null,
            "effectOfAccountingCharges": null,
            "incomeBeforeTax": "558462000.00",
            "minorityInterest": "1092908959.00",
            "netIncome": "440152000.00",
            "sellingGeneralAdministrative": "893919406.00",
            "sellingAndMarketingExpenses": null,
            "grossProfit": "2609138027.00",
            "reconciledDepreciation": null,
            "ebit": "913164268.00",
            "ebitda": null,
            "depreciationAndAmortization": null,
            "nonOperatingIncomeNetOther": null,
            "operatingIncome": "1058446000.00",
            "otherOperatingExpenses": "1185285661.00",
            "interestExpense": "0.00",
            "taxProvision": null,
            "interestIncome": null,
            "netInterestIncome": null,
            "extraordinaryItems": null,
            "nonRecurring": "-353071246.00",
            "otherItems": null,
            "incomeTaxExpense": "159617000.00",
            "totalRevenue": "7221690000.00",
            "totalOperatingExpenses": "0.00",
            "costOfRevenue": "7244135809.00",
            "totalOtherIncomeExpenseNet": "30160062.00",
            "discontinuedOperations": "53916256.00",
            "netIncomeFromContinuingOps": "325544476.00",
            "netIncomeApplicableToCommonShares": "440152000.00",
            "preferredStockAndOtherAdjustments": null
        },
        "2003-12-31": {
            "date": "2003-12-31",
            "filing_date": null,
            "currency_symbol": "EUR",
            "researchDevelopment": null,
            "effectOfAccountingCharges": null,
            "incomeBeforeTax": "532279000.00",
            "minorityInterest": "296954215.00",
            "netIncome": "381109000.00",
            "sellingGeneralAdministrative": "253910074.00",
            "sellingAndMarketingExpenses": null,
            "grossProfit": "2231780724.00",
            "reconciledDepreciation": null,
            "ebit": "1723464575.00",
            "ebitda": null,
            "depreciationAndAmortization": null,
            "nonOperatingIncomeNetOther": null,
            "operatingIncome": "905742000.00",
            "otherOperatingExpenses": "826118752.00",
            "interestExpense": "0.00",
            "taxProvision": null,
            "interestIncome": null,
            "netInterestIncome": null,
            "extraordinaryItems": null,
            "nonRecurring": "-280554773.00",
            "otherItems": null,
            "incomeTaxExpense": "195534000.00",
            "totalRevenue": "6977520000.00",
            "totalOperatingExpenses": "0.00",
            "costOfRevenue": "6529891140.00",
            "totalOtherIncomeExpenseNet": "291157904.00",
            "discontinuedOperations": "53916256.00",
            "netIncomeFromContinuingOps": "625347390.00",
            "netIncomeApplicableToCommonShares": "381109000.00",
            "preferredStockAndOtherAdjustments": null
        },
        "2002-12-31": {
            "date": "2002-12-31",
            "filing_date": null,
            "currency_symbol": "EUR",
            "researchDevelopment": null,
            "effectOfAccountingCharges": null,
            "incomeBeforeTax": "286921000.00",
            "minorityInterest": null,
            "netIncome": null,
            "sellingGeneralAdministrative": null,
            "sellingAndMarketingExpenses": null,
            "grossProfit": null,
            "reconciledDepreciation": null,
            "ebit": "648703000.00",
            "ebitda": null,
            "depreciationAndAmortization": null,
            "nonOperatingIncomeNetOther": null,
            "operatingIncome": "648703000.00",
            "otherOperatingExpenses": null,
            "interestExpense": "0.00",
            "taxProvision": null,
            "interestIncome": null,
            "netInterestIncome": null,
            "extraordinaryItems": null,
            "nonRecurring": null,
            "otherItems": null,
            "incomeTaxExpense": "171739000.00",
            "totalRevenue": "6386558000.00",
            "totalOperatingExpenses": null,
            "costOfRevenue": null,
            "totalOtherIncomeExpenseNet": null,
            "discontinuedOperations": null,
            "netIncomeFromContinuingOps": null,
            "netIncomeApplicableToCommonShares": null,
            "preferredStockAndOtherAdjustments": null
        },
        "2001-12-31": {
            "date": "2001-12-31",
            "filing_date": null,
            "currency_symbol": "EUR",
            "researchDevelopment": null,
            "effectOfAccountingCharges": null,
            "incomeBeforeTax": "594188000.00",
            "minorityInterest": null,
            "netIncome": null,
            "sellingGeneralAdministrative": null,
            "sellingAndMarketingExpenses": null,
            "grossProfit": null,
            "reconciledDepreciation": null,
            "ebit": "673533000.00",
            "ebitda": null,
            "depreciationAndAmortization": null,
            "nonOperatingIncomeNetOther": null,
            "operatingIncome": "673533000.00",
            "otherOperatingExpenses": null,
            "interestExpense": "0.00",
            "taxProvision": null,
            "interestIncome": null,
            "netInterestIncome": null,
            "extraordinaryItems": null,
            "nonRecurring": null,
            "otherItems": null,
            "incomeTaxExpense": "202952000.00",
            "totalRevenue": "5650374000.00",
            "totalOperatingExpenses": null,
            "costOfRevenue": null,
            "totalOtherIncomeExpenseNet": null,
            "discontinuedOperations": null,
            "netIncomeFromContinuingOps": null,
            "netIncomeApplicableToCommonShares": null,
            "preferredStockAndOtherAdjustments": null
        },
        "2000-12-31": {
            "date": "2000-12-31",
            "filing_date": null,
            "currency_symbol": "PTE",
            "researchDevelopment": null,
            "effectOfAccountingCharges": null,
            "incomeBeforeTax": "168070000000.00",
            "minorityInterest": null,
            "netIncome": null,
            "sellingGeneralAdministrative": null,
            "sellingAndMarketingExpenses": null,
            "grossProfit": null,
            "reconciledDepreciation": null,
            "ebit": "145222000000.00",
            "ebitda": null,
            "depreciationAndAmortization": null,
            "nonOperatingIncomeNetOther": null,
            "operatingIncome": "145222000000.00",
            "otherOperatingExpenses": null,
            "interestExpense": "0.00",
            "taxProvision": null,
            "interestIncome": null,
            "netInterestIncome": null,
            "extraordinaryItems": null,
            "nonRecurring": null,
            "otherItems": null,
            "incomeTaxExpense": "62678000000.00",
            "totalRevenue": "771153000000.00",
            "totalOperatingExpenses": null,
            "costOfRevenue": null,
            "totalOtherIncomeExpenseNet": null,
            "discontinuedOperations": null,
            "netIncomeFromContinuingOps": null,
            "netIncomeApplicableToCommonShares": null,
            "preferredStockAndOtherAdjustments": null
        }
    }
}