{
    "currency_symbol": "EUR",
    "quarterly": {
        "2025-06-30": {
            "date": "2025-06-30",
            "filing_date": "2025-06-30",
            "currency_symbol": "EUR",
            "researchDevelopment": null,
            "effectOfAccountingCharges": null,
            "incomeBeforeTax": "4415000000.00",
            "minorityInterest": "-291000000.00",
            "netIncome": "3431000000.00",
            "sellingGeneralAdministrative": "5304000000.00",
            "sellingAndMarketingExpenses": null,
            "grossProfit": "10885000000.00",
            "reconciledDepreciation": "804000000.00",
            "ebit": "4415000000.00",
            "ebitda": "5219000000.00",
            "depreciationAndAmortization": "804000000.00",
            "nonOperatingIncomeNetOther": null,
            "operatingIncome": "4415000000.00",
            "otherOperatingExpenses": "9917000000.00",
            "interestExpense": null,
            "taxProvision": "1043000000.00",
            "interestIncome": "10590000000.00",
            "netInterestIncome": "10590000000.00",
            "extraordinaryItems": null,
            "nonRecurring": null,
            "otherItems": null,
            "incomeTaxExpense": "1043000000.00",
            "totalRevenue": "14332000000.00",
            "totalOperatingExpenses": "6470000000.00",
            "costOfRevenue": "3447000000.00",
            "totalOtherIncomeExpenseNet": null,
            "discontinuedOperations": null,
            "netIncomeFromContinuingOps": "3372000000.00",
            "netIncomeApplicableToCommonShares": null,
            "preferredStockAndOtherAdjustments": null
        },
        "2025-03-31": {
            "date": "2025-03-31",
            "filing_date": "2025-03-31",
            "currency_symbol": "EUR",
            "researchDevelopment": null,
            "effectOfAccountingCharges": null,
            "incomeBeforeTax": "5187000000.00",
            "minorityInterest": "-339000000.00",
            "netIncome": "3402000000.00",
            "sellingGeneralAdministrative": "5154000000.00",
            "sellingAndMarketingExpenses": "136000000.00",
            "grossProfit": "12929000000.00",
            "reconciledDepreciation": "854000000.00",
            "ebit": "5187000000.00",
            "ebitda": "6041000000.00",
            "depreciationAndAmortization": "854000000.00",
            "nonOperatingIncomeNetOther": null,
            "operatingIncome": "5187000000.00",
            "otherOperatingExpenses": "26390000000.00",
            "interestExpense": "15525000000.00",
            "taxProvision": "1446000000.00",
            "interestIncome": "26903000000.00",
            "netInterestIncome": "11378000000.00",
            "extraordinaryItems": null,
            "nonRecurring": null,
            "otherItems": null,
            "incomeTaxExpense": "1446000000.00",
            "totalRevenue": "31577000000.00",
            "totalOperatingExpenses": "7742000000.00",
            "costOfRevenue": "18648000000.00",
            "totalOtherIncomeExpenseNet": "92000000.00",
            "discontinuedOperations": null,
            "netIncomeFromContinuingOps": "3741000000.00",
            "netIncomeApplicableToCommonShares": null,
            "preferredStockAndOtherAdjustments": null
        },
        "2024-12-31": {
            "date": "2024-12-31",
            "filing_date": "2024-12-31",
            "currency_symbol": "EUR",
            "researchDevelopment": null,
            "effectOfAccountingCharges": null,
            "incomeBeforeTax": "4600000000.00",
            "minorityInterest": "-298000000.00",
            "netIncome": "3265000000.00",
            "sellingGeneralAdministrative": "6214000000.00",
            "sellingAndMarketingExpenses": "140000000.00",
            "grossProfit": "14151000000.00",
            "reconciledDepreciation": "824000000.00",
            "ebit": "4570000000.00",
            "ebitda": "5394000000.00",
            "depreciationAndAmortization": "824000000.00",
            "nonOperatingIncomeNetOther": null,
            "operatingIncome": "4570000000.00",
            "otherOperatingExpenses": "6216000000.00",
            "interestExpense": null,
            "taxProvision": "1037000000.00",
            "interestIncome": "11986000000.00",
            "netInterestIncome": "11986000000.00",
            "extraordinaryItems": null,
            "nonRecurring": null,
            "otherItems": null,
            "incomeTaxExpense": "1037000000.00",
            "totalRevenue": "14151000000.00",
            "totalOperatingExpenses": "6216000000.00",
            "costOfRevenue": "3120000000.00",
            "totalOtherIncomeExpenseNet": "30000000.00",
            "discontinuedOperations": null,
            "netIncomeFromContinuingOps": "3563000000.00",
            "netIncomeApplicableToCommonShares": null,
            "preferredStockAndOtherAdjustments": null
        },
        "2024-09-30": {
            "date": "2024-09-30",
            "filing_date": "2024-09-30",
            "currency_symbol": "EUR",
            "researchDevelopment": null,
            "effectOfAccountingCharges": null,
            "incomeBeforeTax": "4919000000.00",
            "minorityInterest": "-339000000.00",
            "netIncome": "3250000000.00",
            "sellingGeneralAdministrative": "5088000000.00",
            "sellingAndMarketingExpenses": "124000000.00",
            "grossProfit": "11994000000.00",
            "reconciledDepreciation": "814000000.00",
            "ebit": "4919000000.00",
            "ebitda": "5733000000.00",
            "depreciationAndAmortization": "814000000.00",
            "nonOperatingIncomeNetOther": null,
            "operatingIncome": "4870000000.00",
            "otherOperatingExpenses": "6617000000.00",
            "interestExpense": null,
            "taxProvision": "1330000000.00",
            "interestIncome": "11225000000.00",
            "netInterestIncome": "11225000000.00",
            "extraordinaryItems": null,
            "nonRecurring": null,
            "otherItems": null,
            "incomeTaxExpense": "1330000000.00",
            "totalRevenue": "12173000000.00",
            "totalOperatingExpenses": "7075000000.00",
            "costOfRevenue": "2947000000.00",
            "totalOtherIncomeExpenseNet": "49000000.00",
            "discontinuedOperations": null,
            "netIncomeFromContinuingOps": "3589000000.00",
            "netIncomeApplicableToCommonShares": null,
            "preferredStockAndOtherAdjustments": null
        },
        "2024-06-30": {
            "date": "2024-06-30",
            "filing_date": "2024-06-30",
            "currency_symbol": "EUR",
            "researchDevelopment": null,
            "effectOfAccountingCharges": null,
            "incomeBeforeTax": "4745000000.00",
            "minorityInterest": "-270000000.00",
            "netIncome": "3207000000.00",
            "sellingGeneralAdministrative": "5104000000.00",
            "sellingAndMarketingExpenses": "137000000.00",
            "grossProfit": "12581000000.00",
            "reconciledDepreciation": "828000000.00",
            "ebit": "4925000000.00",
            "ebitda": "5753000000.00",
            "depreciationAndAmortization": "828000000.00",
            "nonOperatingIncomeNetOther": null,
            "operatingIncome": "4925000000.00",
            "otherOperatingExpenses": "10565000000.00",
            "interestExpense": null,
            "taxProvision": "1448000000.00",
            "interestIncome": "11474000000.00",
            "netInterestIncome": "11474000000.00",
            "extraordinaryItems": null,
            "nonRecurring": null,
            "otherItems": null,
            "incomeTaxExpense": "1448000000.00",
            "totalRevenue": "15490000000.00",
            "totalOperatingExpenses": "7122000000.00",
            "costOfRevenue": "3443000000.00",
            "totalOtherIncomeExpenseNet": "-1588000000.00",
            "discontinuedOperations": null,
            "netIncomeFromContinuingOps": "3477000000.00",
            "netIncomeApplicableToCommonShares": null,
            "preferredStockAndOtherAdjustments": null
        },
        "2024-03-31": {
            "date": "2024-03-31",
            "filing_date": "2024-03-31",
            "currency_symbol": "EUR",
            "researchDevelopment": null,
            "effectOfAccountingCharges": null,
            "incomeBeforeTax": "4460000000.00",
            "minorityInterest": "-263000000.00",
            "netIncome": "2852000000.00",
            "sellingGeneralAdministrative": "5238000000.00",
            "sellingAndMarketingExpenses": "139000000.00",
            "grossProfit": "34378000000.00",
            "reconciledDepreciation": "828000000.00",
            "ebit": "4460000000.00",
            "ebitda": "5288000000.00",
            "depreciationAndAmortization": "828000000.00",
            "nonOperatingIncomeNetOther": null,
            "operatingIncome": "4709000000.00",
            "otherOperatingExpenses": "29792000000.00",
            "interestExpense": "17260000000.00",
            "taxProvision": "1468000000.00",
            "interestIncome": "29243000000.00",
            "netInterestIncome": "11983000000.00",
            "extraordinaryItems": null,
            "nonRecurring": null,
            "otherItems": null,
            "incomeTaxExpense": "1468000000.00",
            "totalRevenue": "34378000000.00",
            "totalOperatingExpenses": "4053000000.00",
            "costOfRevenue": null,
            "totalOtherIncomeExpenseNet": "-1035000000.00",
            "discontinuedOperations": null,
            "netIncomeFromContinuingOps": "3115000000.00",
            "netIncomeApplicableToCommonShares": null,
            "preferredStockAndOtherAdjustments": null
        },
        "2023-12-31": {
            "date": "2023-12-31",
            "filing_date": "2023-12-31",
            "currency_symbol": "EUR",
            "researchDevelopment": null,
            "effectOfAccountingCharges": null,
            "incomeBeforeTax": "3922000000.00",
            "minorityInterest": "-265000000.00",
            "netIncome": "2933000000.00",
            "sellingGeneralAdministrative": "5255000000.00",
            "sellingAndMarketingExpenses": "146000000.00",
            "grossProfit": "14401000000.00",
            "reconciledDepreciation": "779000000.00",
            "ebit": "3771000000.00",
            "ebitda": "4550000000.00",
            "depreciationAndAmortization": "779000000.00",
            "nonOperatingIncomeNetOther": null,
            "operatingIncome": "3657000000.00",
            "otherOperatingExpenses": "10744000000.00",
            "interestExpense": null,
            "taxProvision": "724000000.00",
            "interestIncome": "11122000000.00",
            "netInterestIncome": "11122000000.00",
            "extraordinaryItems": null,
            "nonRecurring": null,
            "otherItems": null,
            "incomeTaxExpense": "724000000.00",
            "totalRevenue": "14401000000.00",
            "totalOperatingExpenses": "-10744000000.00",
            "costOfRevenue": null,
            "totalOtherIncomeExpenseNet": "-886000000.00",
            "discontinuedOperations": null,
            "netIncomeFromContinuingOps": "3198000000.00",
            "netIncomeApplicableToCommonShares": null,
            "preferredStockAndOtherAdjustments": null
        },
        "2023-09-30": {
            "date": "2023-09-30",
            "filing_date": "2023-09-30",
            "currency_symbol": "EUR",
            "researchDevelopment": null,
            "effectOfAccountingCharges": null,
            "incomeBeforeTax": "4447000000.00",
            "minorityInterest": "-274000000.00",
            "netIncome": "2902000000.00",
            "sellingGeneralAdministrative": "5186000000.00",
            "sellingAndMarketingExpenses": "158000000.00",
            "grossProfit": "14695000000.00",
            "reconciledDepreciation": "799000000.00",
            "ebit": "4281000000.00",
            "ebitda": "5080000000.00",
            "depreciationAndAmortization": "799000000.00",
            "nonOperatingIncomeNetOther": null,
            "operatingIncome": "4173000000.00",
            "otherOperatingExpenses": "10522000000.00",
            "interestExpense": null,
            "taxProvision": "1271000000.00",
            "interestIncome": "11219000000.00",
            "netInterestIncome": "11219000000.00",
            "extraordinaryItems": null,
            "nonRecurring": null,
            "otherItems": null,
            "incomeTaxExpense": "1271000000.00",
            "totalRevenue": "14695000000.00",
            "totalOperatingExpenses": "-10522000000.00",
            "costOfRevenue": null,
            "totalOtherIncomeExpenseNet": "-843000000.00",
            "discontinuedOperations": null,
            "netIncomeFromContinuingOps": "3176000000.00",
            "netIncomeApplicableToCommonShares": "3131000000.00",
            "preferredStockAndOtherAdjustments": null
        },
        "2023-06-30": {
            "date": "2023-06-30",
            "filing_date": "2023-06-30",
            "currency_symbol": "EUR",
            "researchDevelopment": null,
            "effectOfAccountingCharges": null,
            "incomeBeforeTax": "4258000000.00",
            "minorityInterest": "-274000000.00",
            "netIncome": "2670000000.00",
            "sellingGeneralAdministrative": "5012000000.00",
            "sellingAndMarketingExpenses": "163000000.00",
            "grossProfit": "13918000000.00",
            "reconciledDepreciation": "817000000.00",
            "ebit": "4088000000.00",
            "ebitda": "4905000000.00",
            "depreciationAndAmortization": "817000000.00",
            "nonOperatingIncomeNetOther": null,
            "operatingIncome": "3984000000.00",
            "otherOperatingExpenses": "9934000000.00",
            "interestExpense": null,
            "taxProvision": "1314000000.00",
            "interestIncome": "10524000000.00",
            "netInterestIncome": "10524000000.00",
            "extraordinaryItems": null,
            "nonRecurring": null,
            "otherItems": null,
            "incomeTaxExpense": "1314000000.00",
            "totalRevenue": "13918000000.00",
            "totalOperatingExpenses": "-9934000000.00",
            "costOfRevenue": null,
            "totalOtherIncomeExpenseNet": "-904000000.00",
            "discontinuedOperations": null,
            "netIncomeFromContinuingOps": "2944000000.00",
            "netIncomeApplicableToCommonShares": "2670000000.00",
            "preferredStockAndOtherAdjustments": null
        },
        "2023-03-31": {
            "date": "2023-03-31",
            "filing_date": "2023-03-31",
            "currency_symbol": "EUR",
            "researchDevelopment": null,
            "effectOfAccountingCharges": null,
            "incomeBeforeTax": "3832000000.00",
            "minorityInterest": "-294000000.00",
            "netIncome": "2571000000.00",
            "sellingGeneralAdministrative": "5071000000.00",
            "sellingAndMarketingExpenses": "136000000.00",
            "grossProfit": "14583000000.00",
            "reconciledDepreciation": "789000000.00",
            "ebit": "17031000000.00",
            "ebitda": "17820000000.00",
            "depreciationAndAmortization": "789000000.00",
            "nonOperatingIncomeNetOther": null,
            "operatingIncome": "17031000000.00",
            "otherOperatingExpenses": "2448000000.00",
            "interestExpense": "13493000000.00",
            "taxProvision": "967000000.00",
            "interestIncome": "23889000000.00",
            "netInterestIncome": "10396000000.00",
            "extraordinaryItems": null,
            "nonRecurring": null,
            "otherItems": null,
            "incomeTaxExpense": "967000000.00",
            "totalRevenue": "14583000000.00",
            "totalOperatingExpenses": "2448000000.00",
            "costOfRevenue": null,
            "totalOtherIncomeExpenseNet": "109000000.00",
            "discontinuedOperations": null,
            "netIncomeFromContinuingOps": "2865000000.00",
            "netIncomeApplicableToCommonShares": "2571000000.00",
            "preferredStockAndOtherAdjustments": null
        },
        "2022-12-31": {
            "date": "2022-12-31",
            "filing_date": "2022-12-31",
            "currency_symbol": "EUR",
            "researchDevelopment": null,
            "effectOfAccountingCharges": null,
            "incomeBeforeTax": "3489000000.00",
            "minorityInterest": "-252000000.00",
            "netIncome": "2289000000.00",
            "sellingGeneralAdministrative": "5274000000.00",
            "sellingAndMarketingExpenses": "152000000.00",
            "grossProfit": "13332000000.00",
            "reconciledDepreciation": "750000000.00",
            "ebit": "14190000000.00",
            "ebitda": "14940000000.00",
            "depreciationAndAmortization": "750000000.00",
            "nonOperatingIncomeNetOther": null,
            "operatingIncome": "14190000000.00",
            "otherOperatingExpenses": "858000000.00",
            "interestExpense": "10953000000.00",
            "taxProvision": "948000000.00",
            "interestIncome": "10159000000.00",
            "netInterestIncome": "10159000000.00",
            "extraordinaryItems": null,
            "nonRecurring": null,
            "otherItems": null,
            "incomeTaxExpense": "948000000.00",
            "totalRevenue": "13332000000.00",
            "totalOperatingExpenses": "858000000.00",
            "costOfRevenue": null,
            "totalOtherIncomeExpenseNet": "201000000.00",
            "discontinuedOperations": null,
            "netIncomeFromContinuingOps": "2541000000.00",
            "netIncomeApplicableToCommonShares": "2289000000.00",
            "preferredStockAndOtherAdjustments": null
        },
        "2022-09-30": {
            "date": "2022-09-30",
            "filing_date": "2022-09-30",
            "currency_symbol": "EUR",
            "researchDevelopment": null,
            "effectOfAccountingCharges": null,
            "incomeBeforeTax": "3846000000.00",
            "minorityInterest": "-260000000.00",
            "netIncome": "2422000000.00",
            "sellingGeneralAdministrative": "5078000000.00",
            "sellingAndMarketingExpenses": "142000000.00",
            "grossProfit": "13291000000.00",
            "reconciledDepreciation": "793000000.00",
            "ebit": "3657000000.00",
            "ebitda": "4450000000.00",
            "depreciationAndAmortization": "793000000.00",
            "nonOperatingIncomeNetOther": null,
            "operatingIncome": "3586000000.00",
            "otherOperatingExpenses": "9705000000.00",
            "interestExpense": null,
            "taxProvision": "1164000000.00",
            "interestIncome": "10051000000.00",
            "netInterestIncome": "10051000000.00",
            "extraordinaryItems": null,
            "nonRecurring": null,
            "otherItems": null,
            "incomeTaxExpense": "1164000000.00",
            "totalRevenue": "13291000000.00",
            "totalOperatingExpenses": "-9705000000.00",
            "costOfRevenue": null,
            "totalOtherIncomeExpenseNet": "-542000000.00",
            "discontinuedOperations": null,
            "netIncomeFromContinuingOps": "2682000000.00",
            "netIncomeApplicableToCommonShares": "2714000000.00",
            "preferredStockAndOtherAdjustments": null
        },
        "2022-06-30": {
            "date": "2022-06-30",
            "filing_date": "2022-06-30",
            "currency_symbol": "EUR",
            "researchDevelopment": null,
            "effectOfAccountingCharges": null,
            "incomeBeforeTax": "3744000000.00",
            "minorityInterest": "-321000000.00",
            "netIncome": "2351000000.00",
            "sellingGeneralAdministrative": "4879000000.00",
            "sellingAndMarketingExpenses": "144000000.00",
            "grossProfit": "12630000000.00",
            "reconciledDepreciation": "738000000.00",
            "ebit": "3565000000.00",
            "ebitda": "4303000000.00",
            "depreciationAndAmortization": "738000000.00",
            "nonOperatingIncomeNetOther": null,
            "operatingIncome": "10766000000.00",
            "otherOperatingExpenses": "1864000000.00",
            "interestExpense": "7343000000.00",
            "taxProvision": "1072000000.00",
            "interestIncome": "16897000000.00",
            "netInterestIncome": "9554000000.00",
            "extraordinaryItems": null,
            "nonRecurring": null,
            "otherItems": null,
            "incomeTaxExpense": "1072000000.00",
            "totalRevenue": "12630000000.00",
            "totalOperatingExpenses": "-1864000000.00",
            "costOfRevenue": null,
            "totalOtherIncomeExpenseNet": "158000000.00",
            "discontinuedOperations": null,
            "netIncomeFromContinuingOps": "2672000000.00",
            "netIncomeApplicableToCommonShares": "2059000000.00",
            "preferredStockAndOtherAdjustments": null
        },
        "2022-03-31": {
            "date": "2022-03-31",
            "filing_date": "2022-03-31",
            "currency_symbol": "EUR",
            "researchDevelopment": null,
            "effectOfAccountingCharges": null,
            "incomeBeforeTax": "4171000000.00",
            "minorityInterest": "-326000000.00",
            "netIncome": "2543000000.00",
            "sellingGeneralAdministrative": "4569000000.00",
            "sellingAndMarketingExpenses": "121000000.00",
            "grossProfit": "12625000000.00",
            "reconciledDepreciation": "704000000.00",
            "ebit": "4038000000.00",
            "ebitda": "4742000000.00",
            "depreciationAndAmortization": "704000000.00",
            "nonOperatingIncomeNetOther": null,
            "operatingIncome": "8962000000.00",
            "otherOperatingExpenses": "3663000000.00",
            "interestExpense": "5117000000.00",
            "taxProvision": "1302000000.00",
            "interestIncome": "13972000000.00",
            "netInterestIncome": "8855000000.00",
            "extraordinaryItems": null,
            "nonRecurring": null,
            "otherItems": null,
            "incomeTaxExpense": "1302000000.00",
            "totalRevenue": "12625000000.00",
            "totalOperatingExpenses": "-3663000000.00",
            "costOfRevenue": null,
            "totalOtherIncomeExpenseNet": "-631000000.00",
            "discontinuedOperations": null,
            "netIncomeFromContinuingOps": "2869000000.00",
            "netIncomeApplicableToCommonShares": "2543000000.00",
            "preferredStockAndOtherAdjustments": null
        },
        "2021-12-31": {
            "date": "2021-12-31",
            "filing_date": "2021-12-31",
            "currency_symbol": "EUR",
            "researchDevelopment": null,
            "effectOfAccountingCharges": null,
            "incomeBeforeTax": "3831000000.00",
            "minorityInterest": "-387000000.00",
            "netIncome": "2275000000.00",
            "sellingGeneralAdministrative": "4635000000.00",
            "sellingAndMarketingExpenses": "146000000.00",
            "grossProfit": "12353000000.00",
            "reconciledDepreciation": "692000000.00",
            "ebit": "3694000000.00",
            "ebitda": "4386000000.00",
            "depreciationAndAmortization": "692000000.00",
            "nonOperatingIncomeNetOther": null,
            "operatingIncome": "7562000000.00",
            "otherOperatingExpenses": "4791000000.00",
            "interestExpense": "4118000000.00",
            "taxProvision": "1169000000.00",
            "interestIncome": "12834000000.00",
            "netInterestIncome": "8716000000.00",
            "extraordinaryItems": null,
            "nonRecurring": null,
            "otherItems": null,
            "incomeTaxExpense": "1169000000.00",
            "totalRevenue": "12353000000.00",
            "totalOperatingExpenses": "-4791000000.00",
            "costOfRevenue": null,
            "totalOtherIncomeExpenseNet": "-1069000000.00",
            "discontinuedOperations": null,
            "netIncomeFromContinuingOps": "2662000000.00",
            "netIncomeApplicableToCommonShares": "1709000000.00",
            "preferredStockAndOtherAdjustments": null
        },
        "2021-09-30": {
            "date": "2021-09-30",
            "filing_date": "2021-09-30",
            "currency_symbol": "EUR",
            "researchDevelopment": null,
            "effectOfAccountingCharges": null,
            "incomeBeforeTax": "3802000000.00",
            "minorityInterest": "-377000000.00",
            "netIncome": "2174000000.00",
            "sellingGeneralAdministrative": "4457000000.00",
            "sellingAndMarketingExpenses": "131000000.00",
            "grossProfit": "12199000000.00",
            "reconciledDepreciation": "683000000.00",
            "ebit": "3670000000.00",
            "ebitda": "4353000000.00",
            "depreciationAndAmortization": "683000000.00",
            "nonOperatingIncomeNetOther": null,
            "operatingIncome": "6663000000.00",
            "otherOperatingExpenses": "5536000000.00",
            "interestExpense": "3238000000.00",
            "taxProvision": "1251000000.00",
            "interestIncome": "11696000000.00",
            "netInterestIncome": "8458000000.00",
            "extraordinaryItems": null,
            "nonRecurring": null,
            "otherItems": null,
            "incomeTaxExpense": "1251000000.00",
            "totalRevenue": "12199000000.00",
            "totalOperatingExpenses": "-5536000000.00",
            "costOfRevenue": null,
            "totalOtherIncomeExpenseNet": "-650000000.00",
            "discontinuedOperations": null,
            "netIncomeFromContinuingOps": "2551000000.00",
            "netIncomeApplicableToCommonShares": "2445000000.00",
            "preferredStockAndOtherAdjustments": null
        },
        "2021-06-30": {
            "date": "2021-06-30",
            "filing_date": "2021-06-30",
            "currency_symbol": "EUR",
            "researchDevelopment": null,
            "effectOfAccountingCharges": null,
            "incomeBeforeTax": "3812000000.00",
            "minorityInterest": "10374000000.00",
            "netIncome": "2067000000.00",
            "sellingGeneralAdministrative": "4322000000.00",
            "sellingAndMarketingExpenses": "115000000.00",
            "grossProfit": "12074000000.00",
            "reconciledDepreciation": "698000000.00",
            "ebit": "3725000000.00",
            "ebitda": "4423000000.00",
            "depreciationAndAmortization": "698000000.00",
            "nonOperatingIncomeNetOther": null,
            "operatingIncome": "6338000000.00",
            "otherOperatingExpenses": "5736000000.00",
            "interestExpense": "2940000000.00",
            "taxProvision": "1331000000.00",
            "interestIncome": "11180000000.00",
            "netInterestIncome": "8240000000.00",
            "extraordinaryItems": null,
            "nonRecurring": null,
            "otherItems": null,
            "incomeTaxExpense": "1331000000.00",
            "totalRevenue": "12074000000.00",
            "totalOperatingExpenses": "-5736000000.00",
            "costOfRevenue": null,
            "totalOtherIncomeExpenseNet": "-647000000.00",
            "discontinuedOperations": null,
            "netIncomeFromContinuingOps": "2481000000.00",
            "netIncomeApplicableToCommonShares": "1796000000.00",
            "preferredStockAndOtherAdjustments": null
        },
        "2021-03-31": {
            "date": "2021-03-31",
            "filing_date": "2021-03-31",
            "currency_symbol": "EUR",
            "researchDevelopment": null,
            "effectOfAccountingCharges": null,
            "incomeBeforeTax": "3102000000.00",
            "minorityInterest": "10220000000.00",
            "netIncome": "1608000000.00",
            "sellingGeneralAdministrative": "4177000000.00",
            "sellingAndMarketingExpenses": "118000000.00",
            "grossProfit": "11780000000.00",
            "reconciledDepreciation": "683000000.00",
            "ebit": "3026000000.00",
            "ebitda": "3709000000.00",
            "depreciationAndAmortization": "683000000.00",
            "nonOperatingIncomeNetOther": null,
            "operatingIncome": "5548000000.00",
            "otherOperatingExpenses": "6232000000.00",
            "interestExpense": "2797000000.00",
            "taxProvision": "1143000000.00",
            "interestIncome": "10753000000.00",
            "netInterestIncome": "7956000000.00",
            "extraordinaryItems": null,
            "nonRecurring": null,
            "otherItems": null,
            "incomeTaxExpense": "1143000000.00",
            "totalRevenue": "11780000000.00",
            "totalOperatingExpenses": "-6232000000.00",
            "costOfRevenue": null,
            "totalOtherIncomeExpenseNet": "-1237000000.00",
            "discontinuedOperations": null,
            "netIncomeFromContinuingOps": "1959000000.00",
            "netIncomeApplicableToCommonShares": "1608000000.00",
            "preferredStockAndOtherAdjustments": null
        },
        "2020-12-31": {
            "date": "2020-12-31",
            "filing_date": "2020-12-31",
            "currency_symbol": "EUR",
            "researchDevelopment": null,
            "effectOfAccountingCharges": null,
            "incomeBeforeTax": "1195000000.00",
            "minorityInterest": "9846000000.00",
            "netIncome": "277000000.00",
            "sellingGeneralAdministrative": "5341000000.00",
            "sellingAndMarketingExpenses": "141000000.00",
            "grossProfit": "9266000000.00",
            "reconciledDepreciation": "710000000.00",
            "ebit": "1201000000.00",
            "ebitda": "1911000000.00",
            "depreciationAndAmortization": "710000000.00",
            "nonOperatingIncomeNetOther": null,
            "operatingIncome": "3480000000.00",
            "otherOperatingExpenses": "5786000000.00",
            "interestExpense": "2591000000.00",
            "taxProvision": "612000000.00",
            "interestIncome": "10610000000.00",
            "netInterestIncome": "8019000000.00",
            "extraordinaryItems": null,
            "nonRecurring": null,
            "otherItems": null,
            "incomeTaxExpense": "612000000.00",
            "totalRevenue": "9266000000.00",
            "totalOperatingExpenses": "-5786000000.00",
            "costOfRevenue": null,
            "totalOtherIncomeExpenseNet": "-716000000.00",
            "discontinuedOperations": null,
            "netIncomeFromContinuingOps": "583000000.00",
            "netIncomeApplicableToCommonShares": "-275000000.00",
            "preferredStockAndOtherAdjustments": null
        },
        "2020-09-30": {
            "date": "2020-09-30",
            "filing_date": "2020-09-30",
            "currency_symbol": "EUR",
            "researchDevelopment": null,
            "effectOfAccountingCharges": null,
            "incomeBeforeTax": "3139000000.00",
            "minorityInterest": "9564000000.00",
            "netIncome": "1750000000.00",
            "sellingGeneralAdministrative": "3573000000.00",
            "sellingAndMarketingExpenses": "382000000.00",
            "grossProfit": "11505000000.00",
            "reconciledDepreciation": "681000000.00",
            "ebit": "3094000000.00",
            "ebitda": "3775000000.00",
            "depreciationAndAmortization": "681000000.00",
            "nonOperatingIncomeNetOther": null,
            "operatingIncome": "5701000000.00",
            "otherOperatingExpenses": "5804000000.00",
            "interestExpense": "2859000000.00",
            "taxProvision": "1092000000.00",
            "interestIncome": "10632000000.00",
            "netInterestIncome": "7773000000.00",
            "extraordinaryItems": null,
            "nonRecurring": null,
            "otherItems": null,
            "incomeTaxExpense": "1092000000.00",
            "totalRevenue": "11505000000.00",
            "totalOperatingExpenses": "-5804000000.00",
            "costOfRevenue": null,
            "totalOtherIncomeExpenseNet": "-412000000.00",
            "discontinuedOperations": null,
            "netIncomeFromContinuingOps": "2047000000.00",
            "netIncomeApplicableToCommonShares": "2028000000.00",
            "preferredStockAndOtherAdjustments": null
        },
        "2020-06-30": {
            "date": "2020-06-30",
            "filing_date": "2020-06-30",
            "currency_symbol": "EUR",
            "researchDevelopment": null,
            "effectOfAccountingCharges": null,
            "incomeBeforeTax": "-8301000000.00",
            "minorityInterest": "9597000000.00",
            "netIncome": "-11129000000.00",
            "sellingGeneralAdministrative": "4714000000.00",
            "sellingAndMarketingExpenses": "136000000.00",
            "grossProfit": "11370000000.00",
            "reconciledDepreciation": "690000000.00",
            "ebit": "-4869000000.00",
            "ebitda": "-4179000000.00",
            "depreciationAndAmortization": "690000000.00",
            "nonOperatingIncomeNetOther": null,
            "operatingIncome": "-4869000000.00",
            "otherOperatingExpenses": "16239000000.00",
            "interestExpense": "3576000000.00",
            "taxProvision": "2684000000.00",
            "interestIncome": "11291000000.00",
            "netInterestIncome": "7715000000.00",
            "extraordinaryItems": null,
            "nonRecurring": null,
            "otherItems": null,
            "incomeTaxExpense": "2684000000.00",
            "totalRevenue": "11370000000.00",
            "totalOperatingExpenses": "-16239000000.00",
            "costOfRevenue": null,
            "totalOtherIncomeExpenseNet": "-8301000000.00",
            "discontinuedOperations": null,
            "netIncomeFromContinuingOps": "-10985000000.00",
            "netIncomeApplicableToCommonShares": "-11267000000.00",
            "preferredStockAndOtherAdjustments": null
        },
        "2020-03-31": {
            "date": "2020-03-31",
            "filing_date": "2020-03-31",
            "currency_symbol": "EUR",
            "researchDevelopment": null,
            "effectOfAccountingCharges": null,
            "incomeBeforeTax": "1891000000.00",
            "minorityInterest": "9735000000.00",
            "netIncome": "331000000.00",
            "sellingGeneralAdministrative": "4574000000.00",
            "sellingAndMarketingExpenses": "136000000.00",
            "grossProfit": "12179000000.00",
            "reconciledDepreciation": "729000000.00",
            "ebit": "6296000000.00",
            "ebitda": "7025000000.00",
            "depreciationAndAmortization": "729000000.00",
            "nonOperatingIncomeNetOther": null,
            "operatingIncome": "6296000000.00",
            "otherOperatingExpenses": "5883000000.00",
            "interestExpense": "4721000000.00",
            "taxProvision": "1244000000.00",
            "interestIncome": "13208000000.00",
            "netInterestIncome": "8487000000.00",
            "extraordinaryItems": null,
            "nonRecurring": null,
            "otherItems": null,
            "incomeTaxExpense": "1244000000.00",
            "totalRevenue": "12179000000.00",
            "totalOperatingExpenses": "-5883000000.00",
            "costOfRevenue": null,
            "totalOtherIncomeExpenseNet": "-388000000.00",
            "discontinuedOperations": null,
            "netIncomeFromContinuingOps": "647000000.00",
            "netIncomeApplicableToCommonShares": "191000000.00",
            "preferredStockAndOtherAdjustments": null
        },
        "2019-12-31": {
            "date": "2019-12-31",
            "filing_date": "2019-12-31",
            "currency_symbol": "EUR",
            "researchDevelopment": null,
            "effectOfAccountingCharges": null,
            "incomeBeforeTax": "3831000000.00",
            "minorityInterest": "10588000000.00",
            "netIncome": "2783000000.00",
            "sellingGeneralAdministrative": "4843000000.00",
            "sellingAndMarketingExpenses": "196000000.00",
            "grossProfit": "11939000000.00",
            "reconciledDepreciation": "792000000.00",
            "ebit": "3950000000.00",
            "ebitda": "4742000000.00",
            "depreciationAndAmortization": "792000000.00",
            "nonOperatingIncomeNetOther": null,
            "operatingIncome": "8656000000.00",
            "otherOperatingExpenses": "3283000000.00",
            "interestExpense": "5186000000.00",
            "taxProvision": "687000000.00",
            "interestIncome": "14027000000.00",
            "netInterestIncome": "8841000000.00",
            "extraordinaryItems": null,
            "nonRecurring": null,
            "otherItems": null,
            "incomeTaxExpense": "687000000.00",
            "totalRevenue": "11939000000.00",
            "totalOperatingExpenses": "-3283000000.00",
            "costOfRevenue": null,
            "totalOtherIncomeExpenseNet": "-4188000000.00",
            "discontinuedOperations": null,
            "netIncomeFromContinuingOps": "3144000000.00",
            "netIncomeApplicableToCommonShares": "2188000000.00",
            "preferredStockAndOtherAdjustments": null
        },
        "2019-09-30": {
            "date": "2019-09-30",
            "filing_date": "2019-09-30",
            "currency_symbol": "EUR",
            "researchDevelopment": null,
            "effectOfAccountingCharges": null,
            "incomeBeforeTax": "2181000000.00",
            "minorityInterest": "10579000000.00",
            "netIncome": "501000000.00",
            "sellingGeneralAdministrative": "4700000000.00",
            "sellingAndMarketingExpenses": "164000000.00",
            "grossProfit": "12696000000.00",
            "reconciledDepreciation": "732000000.00",
            "ebit": "2044000000.00",
            "ebitda": "2776000000.00",
            "depreciationAndAmortization": "732000000.00",
            "nonOperatingIncomeNetOther": null,
            "operatingIncome": "7075000000.00",
            "otherOperatingExpenses": "5621000000.00",
            "interestExpense": "5283000000.00",
            "taxProvision": "1291000000.00",
            "interestIncome": "14089000000.00",
            "netInterestIncome": "8806000000.00",
            "extraordinaryItems": null,
            "nonRecurring": null,
            "otherItems": null,
            "incomeTaxExpense": "1291000000.00",
            "totalRevenue": "12696000000.00",
            "totalOperatingExpenses": "-5621000000.00",
            "costOfRevenue": null,
            "totalOtherIncomeExpenseNet": "-1388000000.00",
            "discontinuedOperations": null,
            "netIncomeFromContinuingOps": "890000000.00",
            "netIncomeApplicableToCommonShares": "501000000.00",
            "preferredStockAndOtherAdjustments": null
        },
        "2019-06-30": {
            "date": "2019-06-30",
            "filing_date": "2019-06-30",
            "currency_symbol": "EUR",
            "researchDevelopment": null,
            "effectOfAccountingCharges": null,
            "incomeBeforeTax": "2929000000.00",
            "minorityInterest": "11356000000.00",
            "netIncome": "1391000000.00",
            "sellingGeneralAdministrative": "4793000000.00",
            "sellingAndMarketingExpenses": "168000000.00",
            "grossProfit": "13073000000.00",
            "reconciledDepreciation": "730000000.00",
            "ebit": "7918000000.00",
            "ebitda": "8648000000.00",
            "depreciationAndAmortization": "730000000.00",
            "nonOperatingIncomeNetOther": null,
            "operatingIncome": "7918000000.00",
            "otherOperatingExpenses": "5155000000.00",
            "interestExpense": "5435000000.00",
            "taxProvision": "1092000000.00",
            "interestIncome": "14389000000.00",
            "netInterestIncome": "8954000000.00",
            "extraordinaryItems": null,
            "nonRecurring": null,
            "otherItems": null,
            "incomeTaxExpense": "1092000000.00",
            "totalRevenue": "13073000000.00",
            "totalOperatingExpenses": "-5155000000.00",
            "costOfRevenue": null,
            "totalOtherIncomeExpenseNet": "-2013000000.00",
            "discontinuedOperations": null,
            "netIncomeFromContinuingOps": "1837000000.00",
            "netIncomeApplicableToCommonShares": "1241000000.00",
            "preferredStockAndOtherAdjustments": null
        },
        "2019-03-31": {
            "date": "2019-03-31",
            "filing_date": "2019-03-31",
            "currency_symbol": "EUR",
            "researchDevelopment": null,
            "effectOfAccountingCharges": null,
            "incomeBeforeTax": "3602000000.00",
            "minorityInterest": "11520000000.00",
            "netIncome": "1840000000.00",
            "sellingGeneralAdministrative": "4728000000.00",
            "sellingAndMarketingExpenses": "157000000.00",
            "grossProfit": "12617000000.00",
            "reconciledDepreciation": "747000000.00",
            "ebit": "3449000000.00",
            "ebitda": "4196000000.00",
            "depreciationAndAmortization": "747000000.00",
            "nonOperatingIncomeNetOther": null,
            "operatingIncome": "8795000000.00",
            "otherOperatingExpenses": "3822000000.00",
            "interestExpense": "5598000000.00",
            "taxProvision": "1357000000.00",
            "interestIncome": "14280000000.00",
            "netInterestIncome": "8682000000.00",
            "extraordinaryItems": null,
            "nonRecurring": null,
            "otherItems": null,
            "incomeTaxExpense": "1357000000.00",
            "totalRevenue": "12617000000.00",
            "totalOperatingExpenses": "-3822000000.00",
            "costOfRevenue": null,
            "totalOtherIncomeExpenseNet": "-611000000.00",
            "discontinuedOperations": null,
            "netIncomeFromContinuingOps": "2245000000.00",
            "netIncomeApplicableToCommonShares": "1692000000.00",
            "preferredStockAndOtherAdjustments": null
        },
        "2018-12-31": {
            "date": "2018-12-31",
            "filing_date": "2018-12-31",
            "currency_symbol": "EUR",
            "researchDevelopment": null,
            "effectOfAccountingCharges": null,
            "incomeBeforeTax": "3615000000.00",
            "minorityInterest": "10889000000.00",
            "netIncome": "2068000000.00",
            "sellingGeneralAdministrative": "4082000000.00",
            "sellingAndMarketingExpenses": "646000000.00",
            "grossProfit": "12997000000.00",
            "reconciledDepreciation": "651000000.00",
            "ebit": "3387000000.00",
            "ebitda": "4038000000.00",
            "depreciationAndAmortization": "651000000.00",
            "nonOperatingIncomeNetOther": null,
            "operatingIncome": "8607000000.00",
            "otherOperatingExpenses": "4390000000.00",
            "interestExpense": "5362000000.00",
            "taxProvision": null,
            "interestIncome": null,
            "netInterestIncome": null,
            "extraordinaryItems": null,
            "nonRecurring": null,
            "otherItems": null,
            "incomeTaxExpense": "1177000000.00",
            "totalRevenue": "12997000000.00",
            "totalOperatingExpenses": "-4390000000.00",
            "costOfRevenue": "0.00",
            "totalOtherIncomeExpenseNet": "-1057000000.00",
            "discontinuedOperations": null,
            "netIncomeFromContinuingOps": "2438000000.00",
            "netIncomeApplicableToCommonShares": "1916000000.00",
            "preferredStockAndOtherAdjustments": null
        },
        "2018-09-30": {
            "date": "2018-09-30",
            "filing_date": "2018-09-30",
            "currency_symbol": "EUR",
            "researchDevelopment": null,
            "effectOfAccountingCharges": null,
            "incomeBeforeTax": "3687000000.00",
            "minorityInterest": "10691000000.00",
            "netIncome": "1990000000.00",
            "sellingGeneralAdministrative": "4804000000.00",
            "sellingAndMarketingExpenses": null,
            "grossProfit": "11908000000.00",
            "reconciledDepreciation": "557000000.00",
            "ebit": "3509000000.00",
            "ebitda": "4066000000.00",
            "depreciationAndAmortization": "557000000.00",
            "nonOperatingIncomeNetOther": null,
            "operatingIncome": "7970000000.00",
            "otherOperatingExpenses": "3938000000.00",
            "interestExpense": "4649000000.00",
            "taxProvision": null,
            "interestIncome": null,
            "netInterestIncome": null,
            "extraordinaryItems": null,
            "nonRecurring": null,
            "otherItems": null,
            "incomeTaxExpense": "1331000000.00",
            "totalRevenue": "11908000000.00",
            "totalOperatingExpenses": "-3938000000.00",
            "costOfRevenue": "0.00",
            "totalOtherIncomeExpenseNet": "-488000000.00",
            "discontinuedOperations": null,
            "netIncomeFromContinuingOps": "2356000000.00",
            "netIncomeApplicableToCommonShares": "1848000000.00",
            "preferredStockAndOtherAdjustments": null
        },
        "2018-06-30": {
            "date": "2018-06-30",
            "filing_date": "2018-06-30",
            "currency_symbol": "EUR",
            "researchDevelopment": null,
            "effectOfAccountingCharges": null,
            "incomeBeforeTax": "3210000000.00",
            "minorityInterest": "10395000000.00",
            "netIncome": "1698000000.00",
            "sellingGeneralAdministrative": "5114000000.00",
            "sellingAndMarketingExpenses": null,
            "grossProfit": "12436000000.00",
            "reconciledDepreciation": "604000000.00",
            "ebit": "3034000000.00",
            "ebitda": "3638000000.00",
            "depreciationAndAmortization": "604000000.00",
            "nonOperatingIncomeNetOther": null,
            "operatingIncome": "7883000000.00",
            "otherOperatingExpenses": "4553000000.00",
            "interestExpense": "5087000000.00",
            "taxProvision": null,
            "interestIncome": null,
            "netInterestIncome": null,
            "extraordinaryItems": null,
            "nonRecurring": null,
            "otherItems": null,
            "incomeTaxExpense": "1098000000.00",
            "totalRevenue": "12436000000.00",
            "totalOperatingExpenses": "-4553000000.00",
            "costOfRevenue": "0.00",
            "totalOtherIncomeExpenseNet": "-1124000000.00",
            "discontinuedOperations": null,
            "netIncomeFromContinuingOps": "2112000000.00",
            "netIncomeApplicableToCommonShares": "1556000000.00",
            "preferredStockAndOtherAdjustments": null
        },
        "2018-03-31": {
            "date": "2018-03-31",
            "filing_date": "2018-03-31",
            "currency_symbol": "EUR",
            "researchDevelopment": null,
            "effectOfAccountingCharges": null,
            "incomeBeforeTax": "3689000000.00",
            "minorityInterest": "355000000.00",
            "netIncome": "2054000000.00",
            "sellingGeneralAdministrative": "5151000000.00",
            "sellingAndMarketingExpenses": null,
            "grossProfit": "12373000000.00",
            "reconciledDepreciation": "613000000.00",
            "ebit": "3511000000.00",
            "ebitda": "4124000000.00",
            "depreciationAndAmortization": "613000000.00",
            "nonOperatingIncomeNetOther": null,
            "operatingIncome": "8220000000.00",
            "otherOperatingExpenses": "4153000000.00",
            "interestExpense": "4886000000.00",
            "taxProvision": null,
            "interestIncome": null,
            "netInterestIncome": null,
            "extraordinaryItems": null,
            "nonRecurring": null,
            "otherItems": null,
            "incomeTaxExpense": "1280000000.00",
            "totalRevenue": "12373000000.00",
            "totalOperatingExpenses": "-4153000000.00",
            "costOfRevenue": "0.00",
            "totalOtherIncomeExpenseNet": "-521000000.00",
            "discontinuedOperations": null,
            "netIncomeFromContinuingOps": "2409000000.00",
            "netIncomeApplicableToCommonShares": "1930000000.00",
            "preferredStockAndOtherAdjustments": null
        },
        "2017-12-31": {
            "date": "2017-12-31",
            "filing_date": "2017-12-31",
            "currency_symbol": "EUR",
            "researchDevelopment": null,
            "effectOfAccountingCharges": null,
            "incomeBeforeTax": "2595000000.00",
            "minorityInterest": "501000000.00",
            "netIncome": "1542000000.00",
            "sellingGeneralAdministrative": "4001000000.00",
            "sellingAndMarketingExpenses": "757000000.00",
            "grossProfit": "12895000000.00",
            "reconciledDepreciation": "694000000.00",
            "ebit": "7040000000.00",
            "ebitda": "7734000000.00",
            "depreciationAndAmortization": "694000000.00",
            "nonOperatingIncomeNetOther": null,
            "operatingIncome": "7040000000.00",
            "otherOperatingExpenses": "5855000000.00",
            "interestExpense": "4946000000.00",
            "taxProvision": null,
            "interestIncome": null,
            "netInterestIncome": null,
            "extraordinaryItems": null,
            "nonRecurring": null,
            "otherItems": null,
            "incomeTaxExpense": "552000000.00",
            "totalRevenue": "12895000000.00",
            "totalOperatingExpenses": "-5855000000.00",
            "costOfRevenue": "0.00",
            "totalOtherIncomeExpenseNet": "-916000000.00",
            "discontinuedOperations": null,
            "netIncomeFromContinuingOps": "2043000000.00",
            "netIncomeApplicableToCommonShares": "1427000000.00",
            "preferredStockAndOtherAdjustments": null
        },
        "2017-09-30": {
            "date": "2017-09-30",
            "filing_date": "2017-09-30",
            "currency_symbol": "EUR",
            "researchDevelopment": null,
            "effectOfAccountingCharges": null,
            "incomeBeforeTax": "2911000000.00",
            "minorityInterest": "372000000.00",
            "netIncome": "1461000000.00",
            "sellingGeneralAdministrative": "5162000000.00",
            "sellingAndMarketingExpenses": null,
            "grossProfit": "12476000000.00",
            "reconciledDepreciation": "605000000.00",
            "ebit": "2724000000.00",
            "ebitda": "3329000000.00",
            "depreciationAndAmortization": "605000000.00",
            "nonOperatingIncomeNetOther": null,
            "operatingIncome": "7714000000.00",
            "otherOperatingExpenses": "4762000000.00",
            "interestExpense": "5175000000.00",
            "taxProvision": null,
            "interestIncome": null,
            "netInterestIncome": null,
            "extraordinaryItems": null,
            "nonRecurring": null,
            "otherItems": null,
            "incomeTaxExpense": "1078000000.00",
            "totalRevenue": "12476000000.00",
            "totalOperatingExpenses": "-4762000000.00",
            "costOfRevenue": "0.00",
            "totalOtherIncomeExpenseNet": "140000000.00",
            "discontinuedOperations": null,
            "netIncomeFromContinuingOps": "1833000000.00",
            "netIncomeApplicableToCommonShares": "1359000000.00",
            "preferredStockAndOtherAdjustments": null
        },
        "2017-06-30": {
            "date": "2017-06-30",
            "filing_date": "2017-06-30",
            "currency_symbol": "EUR",
            "researchDevelopment": null,
            "effectOfAccountingCharges": null,
            "incomeBeforeTax": "3274000000.00",
            "minorityInterest": "396000000.00",
            "netIncome": "1749000000.00",
            "sellingGeneralAdministrative": "4381000000.00",
            "sellingAndMarketingExpenses": "351000000.00",
            "grossProfit": "12446000000.00",
            "reconciledDepreciation": "665000000.00",
            "ebit": "3114000000.00",
            "ebitda": "3779000000.00",
            "depreciationAndAmortization": "665000000.00",
            "nonOperatingIncomeNetOther": null,
            "operatingIncome": "8492000000.00",
            "otherOperatingExpenses": "3954000000.00",
            "interestExpense": "5614000000.00",
            "taxProvision": null,
            "interestIncome": null,
            "netInterestIncome": null,
            "extraordinaryItems": null,
            "nonRecurring": null,
            "otherItems": null,
            "incomeTaxExpense": "1129000000.00",
            "totalRevenue": "12446000000.00",
            "totalOperatingExpenses": "-3954000000.00",
            "costOfRevenue": "0.00",
            "totalOtherIncomeExpenseNet": "-688000000.00",
            "discontinuedOperations": null,
            "netIncomeFromContinuingOps": "2145000000.00",
            "netIncomeApplicableToCommonShares": "1655000000.00",
            "preferredStockAndOtherAdjustments": null
        },
        "2017-03-31": {
            "date": "2017-03-31",
            "filing_date": "2017-03-31",
            "currency_symbol": "EUR",
            "researchDevelopment": null,
            "effectOfAccountingCharges": null,
            "incomeBeforeTax": "3311000000.00",
            "minorityInterest": "319000000.00",
            "netIncome": "1867000000.00",
            "sellingGeneralAdministrative": "4914000000.00",
            "sellingAndMarketingExpenses": null,
            "grossProfit": "12304000000.00",
            "reconciledDepreciation": "629000000.00",
            "ebit": "3179000000.00",
            "ebitda": "3808000000.00",
            "depreciationAndAmortization": "629000000.00",
            "nonOperatingIncomeNetOther": null,
            "operatingIncome": "9113000000.00",
            "otherOperatingExpenses": "3191000000.00",
            "interestExpense": "6121000000.00",
            "taxProvision": null,
            "interestIncome": null,
            "netInterestIncome": null,
            "extraordinaryItems": null,
            "nonRecurring": null,
            "otherItems": null,
            "incomeTaxExpense": "1125000000.00",
            "totalRevenue": "12304000000.00",
            "totalOperatingExpenses": "-3191000000.00",
            "costOfRevenue": "0.00",
            "totalOtherIncomeExpenseNet": "-643000000.00",
            "discontinuedOperations": null,
            "netIncomeFromContinuingOps": "2186000000.00",
            "netIncomeApplicableToCommonShares": "1783000000.00",
            "preferredStockAndOtherAdjustments": null
        },
        "2016-12-31": {
            "date": "2016-12-31",
            "filing_date": "2016-12-31",
            "currency_symbol": "EUR",
            "researchDevelopment": null,
            "effectOfAccountingCharges": null,
            "incomeBeforeTax": "2663000000.00",
            "minorityInterest": "282000000.00",
            "netIncome": "1598000000.00",
            "sellingGeneralAdministrative": "4089000000.00",
            "sellingAndMarketingExpenses": "205000000.00",
            "grossProfit": "11269000000.00",
            "reconciledDepreciation": "626000000.00",
            "ebit": "8345000000.00",
            "ebitda": "8971000000.00",
            "depreciationAndAmortization": "626000000.00",
            "nonOperatingIncomeNetOther": null,
            "operatingIncome": "8345000000.00",
            "otherOperatingExpenses": "3862000000.00",
            "interestExpense": "6012000000.00",
            "taxProvision": null,
            "interestIncome": null,
            "netInterestIncome": null,
            "extraordinaryItems": null,
            "nonRecurring": null,
            "otherItems": null,
            "incomeTaxExpense": "712000000.00",
            "totalRevenue": "11269000000.00",
            "totalOperatingExpenses": "3862000000.00",
            "costOfRevenue": "0.00",
            "totalOtherIncomeExpenseNet": "-590000000.00",
            "discontinuedOperations": null,
            "netIncomeFromContinuingOps": "1880000000.00",
            "netIncomeApplicableToCommonShares": "1513000000.00",
            "preferredStockAndOtherAdjustments": null
        },
        "2016-09-30": {
            "date": "2016-09-30",
            "filing_date": "2016-09-30",
            "currency_symbol": "EUR",
            "researchDevelopment": null,
            "effectOfAccountingCharges": null,
            "incomeBeforeTax": "2941000000.00",
            "minorityInterest": "341000000.00",
            "netIncome": "1695000000.00",
            "sellingGeneralAdministrative": "4692000000.00",
            "sellingAndMarketingExpenses": null,
            "grossProfit": "11440000000.00",
            "reconciledDepreciation": "557000000.00",
            "ebit": "8817000000.00",
            "ebitda": "9374000000.00",
            "depreciationAndAmortization": "557000000.00",
            "nonOperatingIncomeNetOther": null,
            "operatingIncome": "8817000000.00",
            "otherOperatingExpenses": "2623000000.00",
            "interestExpense": "6217000000.00",
            "taxProvision": null,
            "interestIncome": null,
            "netInterestIncome": null,
            "extraordinaryItems": null,
            "nonRecurring": null,
            "otherItems": null,
            "incomeTaxExpense": "905000000.00",
            "totalRevenue": "11440000000.00",
            "totalOperatingExpenses": "-2623000000.00",
            "costOfRevenue": null,
            "totalOtherIncomeExpenseNet": "-342000000.00",
            "discontinuedOperations": null,
            "netIncomeFromContinuingOps": null,
            "netIncomeApplicableToCommonShares": null,
            "preferredStockAndOtherAdjustments": null
        },
        "2016-06-30": {
            "date": "2016-06-30",
            "filing_date": "2016-06-30",
            "currency_symbol": "EUR",
            "researchDevelopment": null,
            "effectOfAccountingCharges": null,
            "incomeBeforeTax": "2481000000.00",
            "minorityInterest": "371000000.00",
            "netIncome": "1278000000.00",
            "sellingGeneralAdministrative": "4632000000.00",
            "sellingAndMarketingExpenses": null,
            "grossProfit": "13585000000.00",
            "reconciledDepreciation": "595000000.00",
            "ebit": "8012000000.00",
            "ebitda": "8607000000.00",
            "depreciationAndAmortization": "595000000.00",
            "nonOperatingIncomeNetOther": null,
            "operatingIncome": "8012000000.00",
            "otherOperatingExpenses": "5573000000.00",
            "interestExpense": "5902000000.00",
            "taxProvision": null,
            "interestIncome": null,
            "netInterestIncome": null,
            "extraordinaryItems": null,
            "nonRecurring": null,
            "otherItems": null,
            "incomeTaxExpense": "832000000.00",
            "totalRevenue": "13585000000.00",
            "totalOperatingExpenses": "-5573000000.00",
            "costOfRevenue": null,
            "totalOtherIncomeExpenseNet": "-1184000000.00",
            "discontinuedOperations": null,
            "netIncomeFromContinuingOps": null,
            "netIncomeApplicableToCommonShares": null,
            "preferredStockAndOtherAdjustments": null
        },
        "2016-03-31": {
            "date": "2016-03-31",
            "filing_date": "2016-03-31",
            "currency_symbol": "EUR",
            "researchDevelopment": null,
            "effectOfAccountingCharges": null,
            "incomeBeforeTax": "2731000000.00",
            "minorityInterest": "288000000.00",
            "netIncome": "1633000000.00",
            "sellingGeneralAdministrative": "4572000000.00",
            "sellingAndMarketingExpenses": null,
            "grossProfit": "9270000000.00",
            "reconciledDepreciation": "586000000.00",
            "ebit": "8379000000.00",
            "ebitda": "8965000000.00",
            "depreciationAndAmortization": "586000000.00",
            "nonOperatingIncomeNetOther": null,
            "operatingIncome": "8379000000.00",
            "otherOperatingExpenses": "891000000.00",
            "interestExpense": "5936000000.00",
            "taxProvision": null,
            "interestIncome": null,
            "netInterestIncome": null,
            "extraordinaryItems": null,
            "nonRecurring": null,
            "otherItems": null,
            "incomeTaxExpense": "810000000.00",
            "totalRevenue": "9270000000.00",
            "totalOperatingExpenses": "-891000000.00",
            "costOfRevenue": null,
            "totalOtherIncomeExpenseNet": "-416000000.00",
            "discontinuedOperations": null,
            "netIncomeFromContinuingOps": null,
            "netIncomeApplicableToCommonShares": null,
            "preferredStockAndOtherAdjustments": null
        },
        "2015-12-31": {
            "date": "2015-12-31",
            "filing_date": "2015-12-31",
            "currency_symbol": "EUR",
            "researchDevelopment": null,
            "effectOfAccountingCharges": null,
            "incomeBeforeTax": "2173000000.00",
            "minorityInterest": "242000000.00",
            "netIncome": "1460000000.00",
            "sellingGeneralAdministrative": "4810000000.00",
            "sellingAndMarketingExpenses": "205000000.00",
            "grossProfit": "11127000000.00",
            "reconciledDepreciation": "612000000.00",
            "ebit": "496000000.00",
            "ebitda": "1108000000.00",
            "depreciationAndAmortization": "612000000.00",
            "nonOperatingIncomeNetOther": null,
            "operatingIncome": "496000000.00",
            "otherOperatingExpenses": "4284000000.00",
            "interestExpense": "6041000000.00",
            "taxProvision": null,
            "interestIncome": null,
            "netInterestIncome": null,
            "extraordinaryItems": null,
            "nonRecurring": null,
            "otherItems": null,
            "incomeTaxExpense": "471000000.00",
            "totalRevenue": "11127000000.00",
            "totalOperatingExpenses": "4284000000.00",
            "costOfRevenue": null,
            "totalOtherIncomeExpenseNet": "-1907000000.00",
            "discontinuedOperations": null,
            "netIncomeFromContinuingOps": null,
            "netIncomeApplicableToCommonShares": null,
            "preferredStockAndOtherAdjustments": null
        },
        "2015-09-30": {
            "date": "2015-09-30",
            "filing_date": "2015-09-30",
            "currency_symbol": "EUR",
            "researchDevelopment": null,
            "effectOfAccountingCharges": null,
            "incomeBeforeTax": "2778000000.00",
            "minorityInterest": "311000000.00",
            "netIncome": "1680000000.00",
            "sellingGeneralAdministrative": "4731000000.00",
            "sellingAndMarketingExpenses": null,
            "grossProfit": "9743000000.00",
            "reconciledDepreciation": "611000000.00",
            "ebit": "8572000000.00",
            "ebitda": "9183000000.00",
            "depreciationAndAmortization": "611000000.00",
            "nonOperatingIncomeNetOther": null,
            "operatingIncome": "8572000000.00",
            "otherOperatingExpenses": "1171000000.00",
            "interestExpense": "6105000000.00",
            "taxProvision": null,
            "interestIncome": null,
            "netInterestIncome": null,
            "extraordinaryItems": null,
            "nonRecurring": null,
            "otherItems": null,
            "incomeTaxExpense": "787000000.00",
            "totalRevenue": "9743000000.00",
            "totalOperatingExpenses": "-1171000000.00",
            "costOfRevenue": null,
            "totalOtherIncomeExpenseNet": "-689000000.00",
            "discontinuedOperations": null,
            "netIncomeFromContinuingOps": null,
            "netIncomeApplicableToCommonShares": null,
            "preferredStockAndOtherAdjustments": null
        },
        "2015-06-30": {
            "date": "2015-06-30",
            "filing_date": "2015-06-30",
            "currency_symbol": "EUR",
            "researchDevelopment": null,
            "effectOfAccountingCharges": null,
            "incomeBeforeTax": "2852000000.00",
            "minorityInterest": "465000000.00",
            "netIncome": "2544000000.00",
            "sellingGeneralAdministrative": "4826000000.00",
            "sellingAndMarketingExpenses": null,
            "grossProfit": "10285000000.00",
            "reconciledDepreciation": "603000000.00",
            "ebit": "8358000000.00",
            "ebitda": "8961000000.00",
            "depreciationAndAmortization": "603000000.00",
            "nonOperatingIncomeNetOther": null,
            "operatingIncome": "8358000000.00",
            "otherOperatingExpenses": "1927000000.00",
            "interestExpense": "5971000000.00",
            "taxProvision": null,
            "interestIncome": null,
            "netInterestIncome": null,
            "extraordinaryItems": null,
            "nonRecurring": null,
            "otherItems": null,
            "incomeTaxExpense": "-157000000.00",
            "totalRevenue": "10285000000.00",
            "totalOperatingExpenses": "-1927000000.00",
            "costOfRevenue": null,
            "totalOtherIncomeExpenseNet": "-1184000000.00",
            "discontinuedOperations": null,
            "netIncomeFromContinuingOps": null,
            "netIncomeApplicableToCommonShares": null,
            "preferredStockAndOtherAdjustments": null
        },
        "2015-03-31": {
            "date": "2015-03-31",
            "filing_date": "2015-03-31",
            "currency_symbol": "EUR",
            "researchDevelopment": null,
            "effectOfAccountingCharges": null,
            "incomeBeforeTax": "2989000000.00",
            "minorityInterest": "350000000.00",
            "netIncome": "1717000000.00",
            "sellingGeneralAdministrative": "4785000000.00",
            "sellingAndMarketingExpenses": null,
            "grossProfit": "9907000000.00",
            "reconciledDepreciation": "592000000.00",
            "ebit": "8908000000.00",
            "ebitda": "9500000000.00",
            "depreciationAndAmortization": "592000000.00",
            "nonOperatingIncomeNetOther": null,
            "operatingIncome": "8908000000.00",
            "otherOperatingExpenses": "999000000.00",
            "interestExpense": "6269000000.00",
            "taxProvision": null,
            "interestIncome": null,
            "netInterestIncome": null,
            "extraordinaryItems": null,
            "nonRecurring": null,
            "otherItems": null,
            "incomeTaxExpense": "922000000.00",
            "totalRevenue": "9907000000.00",
            "totalOperatingExpenses": "-999000000.00",
            "costOfRevenue": null,
            "totalOtherIncomeExpenseNet": "-663000000.00",
            "discontinuedOperations": null,
            "netIncomeFromContinuingOps": null,
            "netIncomeApplicableToCommonShares": null,
            "preferredStockAndOtherAdjustments": null
        },
        "2014-12-31": {
            "date": "2014-12-31",
            "filing_date": "2014-12-31",
            "currency_symbol": "EUR",
            "researchDevelopment": null,
            "effectOfAccountingCharges": null,
            "incomeBeforeTax": "2580000000.00",
            "minorityInterest": "290000000.00",
            "netIncome": "1455000000.00",
            "sellingGeneralAdministrative": "3902000000.00",
            "sellingAndMarketingExpenses": "200000000.00",
            "grossProfit": "10971000000.00",
            "reconciledDepreciation": "561000000.00",
            "ebit": "8985000000.00",
            "ebitda": "9545000000.00",
            "depreciationAndAmortization": "560000000.00",
            "nonOperatingIncomeNetOther": null,
            "operatingIncome": "8985000000.00",
            "otherOperatingExpenses": "3460000000.00",
            "interestExpense": "6409000000.00",
            "taxProvision": null,
            "interestIncome": null,
            "netInterestIncome": null,
            "extraordinaryItems": null,
            "nonRecurring": null,
            "otherItems": null,
            "incomeTaxExpense": "814000000.00",
            "totalRevenue": "10971000000.00",
            "totalOperatingExpenses": "3460000000.00",
            "costOfRevenue": null,
            "totalOtherIncomeExpenseNet": "-2000000000.00",
            "discontinuedOperations": null,
            "netIncomeFromContinuingOps": null,
            "netIncomeApplicableToCommonShares": null,
            "preferredStockAndOtherAdjustments": null
        },
        "2014-09-30": {
            "date": "2014-09-30",
            "filing_date": "2014-09-30",
            "currency_symbol": "EUR",
            "researchDevelopment": null,
            "effectOfAccountingCharges": null,
            "incomeBeforeTax": "2559000000.00",
            "minorityInterest": "297000000.00",
            "netIncome": "1605000000.00",
            "sellingGeneralAdministrative": "4511000000.00",
            "sellingAndMarketingExpenses": null,
            "grossProfit": "9445000000.00",
            "reconciledDepreciation": "561000000.00",
            "ebit": "8737000000.00",
            "ebitda": "9298000000.00",
            "depreciationAndAmortization": "561000000.00",
            "nonOperatingIncomeNetOther": null,
            "operatingIncome": "8737000000.00",
            "otherOperatingExpenses": "708000000.00",
            "interestExpense": "6482000000.00",
            "taxProvision": null,
            "interestIncome": null,
            "netInterestIncome": null,
            "extraordinaryItems": null,
            "nonRecurring": null,
            "otherItems": null,
            "incomeTaxExpense": "650000000.00",
            "totalRevenue": "9445000000.00",
            "totalOperatingExpenses": "-708000000.00",
            "costOfRevenue": null,
            "totalOtherIncomeExpenseNet": "-548000000.00",
            "discontinuedOperations": null,
            "netIncomeFromContinuingOps": null,
            "netIncomeApplicableToCommonShares": null,
            "preferredStockAndOtherAdjustments": null
        },
        "2014-06-30": {
            "date": "2014-06-30",
            "filing_date": "2014-06-30",
            "currency_symbol": "EUR",
            "researchDevelopment": null,
            "effectOfAccountingCharges": null,
            "incomeBeforeTax": "2134000000.00",
            "minorityInterest": "281000000.00",
            "netIncome": "1453000000.00",
            "sellingGeneralAdministrative": "4466000000.00",
            "sellingAndMarketingExpenses": null,
            "grossProfit": "9258000000.00",
            "reconciledDepreciation": "574000000.00",
            "ebit": "8018000000.00",
            "ebitda": "8592000000.00",
            "depreciationAndAmortization": "574000000.00",
            "nonOperatingIncomeNetOther": null,
            "operatingIncome": "8018000000.00",
            "otherOperatingExpenses": "1240000000.00",
            "interestExpense": "6165000000.00",
            "taxProvision": null,
            "interestIncome": null,
            "netInterestIncome": null,
            "extraordinaryItems": null,
            "nonRecurring": null,
            "otherItems": null,
            "incomeTaxExpense": "400000000.00",
            "totalRevenue": "9258000000.00",
            "totalOperatingExpenses": "-1240000000.00",
            "costOfRevenue": null,
            "totalOtherIncomeExpenseNet": "-595000000.00",
            "discontinuedOperations": null,
            "netIncomeFromContinuingOps": null,
            "netIncomeApplicableToCommonShares": null,
            "preferredStockAndOtherAdjustments": null
        },
        "2014-03-31": {
            "date": "2014-03-31",
            "filing_date": "2014-03-31",
            "currency_symbol": "EUR",
            "researchDevelopment": null,
            "effectOfAccountingCharges": null,
            "incomeBeforeTax": "3102000000.00",
            "minorityInterest": "251000000.00",
            "netIncome": "1303000000.00",
            "sellingGeneralAdministrative": "4255000000.00",
            "sellingAndMarketingExpenses": null,
            "grossProfit": "11244000000.00",
            "reconciledDepreciation": "591000000.00",
            "ebit": "8904000000.00",
            "ebitda": "9495000000.00",
            "depreciationAndAmortization": "591000000.00",
            "nonOperatingIncomeNetOther": null,
            "operatingIncome": "8904000000.00",
            "otherOperatingExpenses": "2340000000.00",
            "interestExpense": "6053000000.00",
            "taxProvision": null,
            "interestIncome": null,
            "netInterestIncome": null,
            "extraordinaryItems": null,
            "nonRecurring": null,
            "otherItems": null,
            "incomeTaxExpense": "1548000000.00",
            "totalRevenue": "11244000000.00",
            "totalOperatingExpenses": "-2340000000.00",
            "costOfRevenue": null,
            "totalOtherIncomeExpenseNet": "-1742000000.00",
            "discontinuedOperations": null,
            "netIncomeFromContinuingOps": null,
            "netIncomeApplicableToCommonShares": null,
            "preferredStockAndOtherAdjustments": null
        },
        "2013-12-31": {
            "date": "2013-12-31",
            "filing_date": "2013-12-31",
            "currency_symbol": "EUR",
            "researchDevelopment": null,
            "effectOfAccountingCharges": null,
            "incomeBeforeTax": "1779000000.00",
            "minorityInterest": "349000000.00",
            "netIncome": "1060000000.00",
            "sellingGeneralAdministrative": "3569000000.00",
            "sellingAndMarketingExpenses": "195000000.00",
            "grossProfit": "9389000000.00",
            "reconciledDepreciation": "663000000.00",
            "ebit": "1819000000.00",
            "ebitda": "2483000000.00",
            "depreciationAndAmortization": "664000000.00",
            "nonOperatingIncomeNetOther": null,
            "operatingIncome": "1819000000.00",
            "otherOperatingExpenses": "3549000000.00",
            "interestExpense": null,
            "taxProvision": null,
            "interestIncome": null,
            "netInterestIncome": null,
            "extraordinaryItems": null,
            "nonRecurring": null,
            "otherItems": null,
            "incomeTaxExpense": "500000000.00",
            "totalRevenue": "9389000000.00",
            "totalOperatingExpenses": "3549000000.00",
            "costOfRevenue": null,
            "totalOtherIncomeExpenseNet": "-40000000.00",
            "discontinuedOperations": null,
            "netIncomeFromContinuingOps": null,
            "netIncomeApplicableToCommonShares": null,
            "preferredStockAndOtherAdjustments": null
        },
        "2013-09-30": {
            "date": "2013-09-30",
            "filing_date": "2013-09-30",
            "currency_symbol": "EUR",
            "researchDevelopment": null,
            "effectOfAccountingCharges": null,
            "incomeBeforeTax": "1766000000.00",
            "minorityInterest": "244000000.00",
            "netIncome": "1055000000.00",
            "sellingGeneralAdministrative": "4302000000.00",
            "sellingAndMarketingExpenses": null,
            "grossProfit": "9680000000.00",
            "reconciledDepreciation": "559000000.00",
            "ebit": "1519000000.00",
            "ebitda": "2078000000.00",
            "depreciationAndAmortization": "559000000.00",
            "nonOperatingIncomeNetOther": null,
            "operatingIncome": "1519000000.00",
            "otherOperatingExpenses": "3933000000.00",
            "interestExpense": "6585000000.00",
            "taxProvision": null,
            "interestIncome": null,
            "netInterestIncome": null,
            "extraordinaryItems": null,
            "nonRecurring": null,
            "otherItems": null,
            "incomeTaxExpense": "464000000.00",
            "totalRevenue": "9680000000.00",
            "totalOperatingExpenses": "3933000000.00",
            "costOfRevenue": null,
            "totalOtherIncomeExpenseNet": "-414000000.00",
            "discontinuedOperations": null,
            "netIncomeFromContinuingOps": null,
            "netIncomeApplicableToCommonShares": null,
            "preferredStockAndOtherAdjustments": null
        },
        "2013-06-30": {
            "date": "2013-06-30",
            "filing_date": "2013-06-30",
            "currency_symbol": "EUR",
            "researchDevelopment": null,
            "effectOfAccountingCharges": null,
            "incomeBeforeTax": "1708000000.00",
            "minorityInterest": "249000000.00",
            "netIncome": "1050000000.00",
            "sellingGeneralAdministrative": "4399000000.00",
            "sellingAndMarketingExpenses": null,
            "grossProfit": "9322000000.00",
            "reconciledDepreciation": "600000000.00",
            "ebit": "7871000000.00",
            "ebitda": "8471000000.00",
            "depreciationAndAmortization": "600000000.00",
            "nonOperatingIncomeNetOther": null,
            "operatingIncome": "7871000000.00",
            "otherOperatingExpenses": "1451000000.00",
            "interestExpense": "6426000000.00",
            "taxProvision": null,
            "interestIncome": null,
            "netInterestIncome": null,
            "extraordinaryItems": null,
            "nonRecurring": null,
            "otherItems": null,
            "incomeTaxExpense": "395000000.00",
            "totalRevenue": "9322000000.00",
            "totalOperatingExpenses": "-1451000000.00",
            "costOfRevenue": null,
            "totalOtherIncomeExpenseNet": "-6163000000.00",
            "discontinuedOperations": null,
            "netIncomeFromContinuingOps": null,
            "netIncomeApplicableToCommonShares": null,
            "preferredStockAndOtherAdjustments": null
        },
        "2013-03-31": {
            "date": "2013-03-31",
            "filing_date": "2013-03-31",
            "currency_symbol": "EUR",
            "researchDevelopment": null,
            "effectOfAccountingCharges": null,
            "incomeBeforeTax": "2003000000.00",
            "minorityInterest": "303000000.00",
            "netIncome": "1205000000.00",
            "sellingGeneralAdministrative": "4428000000.00",
            "sellingAndMarketingExpenses": null,
            "grossProfit": "10195000000.00",
            "reconciledDepreciation": "569000000.00",
            "ebit": "1701000000.00",
            "ebitda": "2270000000.00",
            "depreciationAndAmortization": "569000000.00",
            "nonOperatingIncomeNetOther": null,
            "operatingIncome": "1701000000.00",
            "otherOperatingExpenses": "4167000000.00",
            "interestExpense": "6574000000.00",
            "taxProvision": null,
            "interestIncome": null,
            "netInterestIncome": null,
            "extraordinaryItems": null,
            "nonRecurring": null,
            "otherItems": null,
            "incomeTaxExpense": "496000000.00",
            "totalRevenue": "10195000000.00",
            "totalOperatingExpenses": "4167000000.00",
            "costOfRevenue": null,
            "totalOtherIncomeExpenseNet": "302000000.00",
            "discontinuedOperations": null,
            "netIncomeFromContinuingOps": null,
            "netIncomeApplicableToCommonShares": null,
            "preferredStockAndOtherAdjustments": null
        },
        "2012-12-31": {
            "date": "2012-12-31",
            "filing_date": "2012-12-31",
            "currency_symbol": "EUR",
            "researchDevelopment": null,
            "effectOfAccountingCharges": null,
            "incomeBeforeTax": "1511000000.00",
            "minorityInterest": "104000000.00",
            "netIncome": "401000000.00",
            "sellingGeneralAdministrative": "4430000000.00",
            "sellingAndMarketingExpenses": null,
            "grossProfit": "10357000000.00",
            "reconciledDepreciation": "543000000.00",
            "ebit": "696000000.00",
            "ebitda": "1241000000.00",
            "depreciationAndAmortization": "545000000.00",
            "nonOperatingIncomeNetOther": null,
            "operatingIncome": "696000000.00",
            "otherOperatingExpenses": "4291000000.00",
            "interestExpense": null,
            "taxProvision": null,
            "interestIncome": null,
            "netInterestIncome": null,
            "extraordinaryItems": null,
            "nonRecurring": null,
            "otherItems": null,
            "incomeTaxExpense": "273000000.00",
            "totalRevenue": "10357000000.00",
            "totalOperatingExpenses": "4291000000.00",
            "costOfRevenue": null,
            "totalOtherIncomeExpenseNet": "815000000.00",
            "discontinuedOperations": null,
            "netIncomeFromContinuingOps": null,
            "netIncomeApplicableToCommonShares": null,
            "preferredStockAndOtherAdjustments": null
        },
        "2012-09-30": {
            "date": "2012-09-30",
            "filing_date": "2012-09-30",
            "currency_symbol": "EUR",
            "researchDevelopment": null,
            "effectOfAccountingCharges": null,
            "incomeBeforeTax": "2095000000.00",
            "minorityInterest": "197000000.00",
            "netIncome": "98000000.00",
            "sellingGeneralAdministrative": "4495000000.00",
            "sellingAndMarketingExpenses": null,
            "grossProfit": "10186000000.00",
            "reconciledDepreciation": "605000000.00",
            "ebit": "757000000.00",
            "ebitda": "1362000000.00",
            "depreciationAndAmortization": "605000000.00",
            "nonOperatingIncomeNetOther": null,
            "operatingIncome": "757000000.00",
            "otherOperatingExpenses": "9429000000.00",
            "interestExpense": null,
            "taxProvision": null,
            "interestIncome": null,
            "netInterestIncome": null,
            "extraordinaryItems": "1000000.00",
            "nonRecurring": null,
            "otherItems": null,
            "incomeTaxExpense": "659000000.00",
            "totalRevenue": "10186000000.00",
            "totalOperatingExpenses": "-9429000000.00",
            "costOfRevenue": null,
            "totalOtherIncomeExpenseNet": "1338000000.00",
            "discontinuedOperations": null,
            "netIncomeFromContinuingOps": null,
            "netIncomeApplicableToCommonShares": null,
            "preferredStockAndOtherAdjustments": null
        },
        "2012-06-30": {
            "date": "2012-06-30",
            "filing_date": "2012-06-30",
            "currency_symbol": "EUR",
            "researchDevelopment": null,
            "effectOfAccountingCharges": null,
            "incomeBeforeTax": "2294000000.00",
            "minorityInterest": "212000000.00",
            "netIncome": "100000000.00",
            "sellingGeneralAdministrative": "4454000000.00",
            "sellingAndMarketingExpenses": null,
            "grossProfit": "11190000000.00",
            "reconciledDepreciation": "514000000.00",
            "ebit": "751000000.00",
            "ebitda": "1265000000.00",
            "depreciationAndAmortization": "514000000.00",
            "nonOperatingIncomeNetOther": null,
            "operatingIncome": "751000000.00",
            "otherOperatingExpenses": "10439000000.00",
            "interestExpense": null,
            "taxProvision": null,
            "interestIncome": null,
            "netInterestIncome": null,
            "extraordinaryItems": null,
            "nonRecurring": null,
            "otherItems": null,
            "incomeTaxExpense": "651000000.00",
            "totalRevenue": "11190000000.00",
            "totalOperatingExpenses": "-10439000000.00",
            "costOfRevenue": null,
            "totalOtherIncomeExpenseNet": "1543000000.00",
            "discontinuedOperations": null,
            "netIncomeFromContinuingOps": null,
            "netIncomeApplicableToCommonShares": null,
            "preferredStockAndOtherAdjustments": null
        },
        "2012-03-31": {
            "date": "2012-03-31",
            "filing_date": "2012-03-31",
            "currency_symbol": "EUR",
            "researchDevelopment": null,
            "effectOfAccountingCharges": null,
            "incomeBeforeTax": "2556000000.00",
            "minorityInterest": "226000000.00",
            "netIncome": "1627000000.00",
            "sellingGeneralAdministrative": "4519000000.00",
            "sellingAndMarketingExpenses": null,
            "grossProfit": "11233000000.00",
            "reconciledDepreciation": "524000000.00",
            "ebit": "2347000000.00",
            "ebitda": "2871000000.00",
            "depreciationAndAmortization": "524000000.00",
            "nonOperatingIncomeNetOther": null,
            "operatingIncome": "2347000000.00",
            "otherOperatingExpenses": "4032000000.00",
            "interestExpense": null,
            "taxProvision": null,
            "interestIncome": null,
            "netInterestIncome": null,
            "extraordinaryItems": "1000000.00",
            "nonRecurring": null,
            "otherItems": null,
            "incomeTaxExpense": "720000000.00",
            "totalRevenue": "11233000000.00",
            "totalOperatingExpenses": "4032000000.00",
            "costOfRevenue": null,
            "totalOtherIncomeExpenseNet": "209000000.00",
            "discontinuedOperations": null,
            "netIncomeFromContinuingOps": null,
            "netIncomeApplicableToCommonShares": null,
            "preferredStockAndOtherAdjustments": null
        },
        "2011-12-31": {
            "date": "2011-12-31",
            "filing_date": "2011-12-31",
            "currency_symbol": "EUR",
            "researchDevelopment": null,
            "effectOfAccountingCharges": null,
            "incomeBeforeTax": "-339000000.00",
            "minorityInterest": "136111000.00",
            "netIncome": "48000000.00",
            "sellingGeneralAdministrative": "9615000000.00",
            "sellingAndMarketingExpenses": null,
            "grossProfit": "13477000000.00",
            "reconciledDepreciation": "534000000.00",
            "ebit": "-477000000.00",
            "ebitda": "57000000.00",
            "depreciationAndAmortization": "534000000.00",
            "nonOperatingIncomeNetOther": null,
            "operatingIncome": "-477000000.00",
            "otherOperatingExpenses": "13954000000.00",
            "interestExpense": "8436721000.00",
            "taxProvision": null,
            "interestIncome": null,
            "netInterestIncome": null,
            "extraordinaryItems": null,
            "nonRecurring": null,
            "otherItems": null,
            "incomeTaxExpense": "-525000000.00",
            "totalRevenue": "13477000000.00",
            "totalOperatingExpenses": "-13954000000.00",
            "costOfRevenue": null,
            "totalOtherIncomeExpenseNet": "138000000.00",
            "discontinuedOperations": null,
            "netIncomeFromContinuingOps": null,
            "netIncomeApplicableToCommonShares": null,
            "preferredStockAndOtherAdjustments": null
        },
        "2011-09-30": {
            "date": "2011-09-30",
            "filing_date": "2011-09-30",
            "currency_symbol": "EUR",
            "researchDevelopment": null,
            "effectOfAccountingCharges": null,
            "incomeBeforeTax": "2535000000.00",
            "minorityInterest": "177000000.00",
            "netIncome": "1635000000.00",
            "sellingGeneralAdministrative": "8412000000.00",
            "sellingAndMarketingExpenses": null,
            "grossProfit": "10558000000.00",
            "reconciledDepreciation": "481000000.00",
            "ebit": "2269000000.00",
            "ebitda": "2750000000.00",
            "depreciationAndAmortization": "481000000.00",
            "nonOperatingIncomeNetOther": null,
            "operatingIncome": "2269000000.00",
            "otherOperatingExpenses": "8048000000.00",
            "interestExpense": null,
            "taxProvision": null,
            "interestIncome": null,
            "netInterestIncome": null,
            "extraordinaryItems": null,
            "nonRecurring": null,
            "otherItems": null,
            "incomeTaxExpense": "634000000.00",
            "totalRevenue": "10558000000.00",
            "totalOperatingExpenses": "8048000000.00",
            "costOfRevenue": null,
            "totalOtherIncomeExpenseNet": "266000000.00",
            "discontinuedOperations": null,
            "netIncomeFromContinuingOps": null,
            "netIncomeApplicableToCommonShares": null,
            "preferredStockAndOtherAdjustments": null
        },
        "2011-06-30": {
            "date": "2011-06-30",
            "filing_date": "2011-06-30",
            "currency_symbol": "EUR",
            "researchDevelopment": null,
            "effectOfAccountingCharges": null,
            "incomeBeforeTax": "2119000000.00",
            "minorityInterest": "257000000.00",
            "netIncome": "1393000000.00",
            "sellingGeneralAdministrative": "4302000000.00",
            "sellingAndMarketingExpenses": null,
            "grossProfit": "10921000000.00",
            "reconciledDepreciation": "523000000.00",
            "ebit": "1905000000.00",
            "ebitda": "2428000000.00",
            "depreciationAndAmortization": "523000000.00",
            "nonOperatingIncomeNetOther": null,
            "operatingIncome": "1905000000.00",
            "otherOperatingExpenses": "9016000000.00",
            "interestExpense": null,
            "taxProvision": null,
            "interestIncome": null,
            "netInterestIncome": null,
            "extraordinaryItems": null,
            "nonRecurring": null,
            "otherItems": null,
            "incomeTaxExpense": "512000000.00",
            "totalRevenue": "10921000000.00",
            "totalOperatingExpenses": "-9016000000.00",
            "costOfRevenue": null,
            "totalOtherIncomeExpenseNet": "214000000.00",
            "discontinuedOperations": null,
            "netIncomeFromContinuingOps": null,
            "netIncomeApplicableToCommonShares": null,
            "preferredStockAndOtherAdjustments": null
        },
        "2011-03-31": {
            "date": "2011-03-31",
            "filing_date": "2011-03-31",
            "currency_symbol": "EUR",
            "researchDevelopment": null,
            "effectOfAccountingCharges": null,
            "incomeBeforeTax": "3243000000.00",
            "minorityInterest": "218000000.00",
            "netIncome": "2108000000.00",
            "sellingGeneralAdministrative": "4313000000.00",
            "sellingAndMarketingExpenses": null,
            "grossProfit": "10297000000.00",
            "reconciledDepreciation": "510000000.00",
            "ebit": "2996000000.00",
            "ebitda": "3506000000.00",
            "depreciationAndAmortization": "510000000.00",
            "nonOperatingIncomeNetOther": null,
            "operatingIncome": "2996000000.00",
            "otherOperatingExpenses": "7301000000.00",
            "interestExpense": null,
            "taxProvision": null,
            "interestIncome": null,
            "netInterestIncome": null,
            "extraordinaryItems": null,
            "nonRecurring": null,
            "otherItems": null,
            "incomeTaxExpense": "888000000.00",
            "totalRevenue": "10297000000.00",
            "totalOperatingExpenses": "-7301000000.00",
            "costOfRevenue": null,
            "totalOtherIncomeExpenseNet": "247000000.00",
            "discontinuedOperations": null,
            "netIncomeFromContinuingOps": null,
            "netIncomeApplicableToCommonShares": null,
            "preferredStockAndOtherAdjustments": null
        },
        "2010-12-31": {
            "date": "2010-12-31",
            "filing_date": "2010-12-31",
            "currency_symbol": "EUR",
            "researchDevelopment": null,
            "effectOfAccountingCharges": null,
            "incomeBeforeTax": "3185873000.00",
            "minorityInterest": "201000000.00",
            "netIncome": "2100909000.00",
            "sellingGeneralAdministrative": "3158362000.00",
            "sellingAndMarketingExpenses": "633511000.00",
            "grossProfit": "13305601000.00",
            "reconciledDepreciation": "530984000.00",
            "ebit": "2975099000.00",
            "ebitda": "3506083000.00",
            "depreciationAndAmortization": "530984000.00",
            "nonOperatingIncomeNetOther": null,
            "operatingIncome": "2975099000.00",
            "otherOperatingExpenses": "10330502000.00",
            "interestExpense": null,
            "taxProvision": null,
            "interestIncome": null,
            "netInterestIncome": null,
            "extraordinaryItems": null,
            "nonRecurring": null,
            "otherItems": null,
            "incomeTaxExpense": "874190000.00",
            "totalRevenue": "13305601000.00",
            "totalOperatingExpenses": "-10330502000.00",
            "costOfRevenue": null,
            "totalOtherIncomeExpenseNet": "210774000.00",
            "discontinuedOperations": null,
            "netIncomeFromContinuingOps": null,
            "netIncomeApplicableToCommonShares": null,
            "preferredStockAndOtherAdjustments": null
        },
        "2010-09-30": {
            "date": "2010-09-30",
            "filing_date": "2010-09-30",
            "currency_symbol": "EUR",
            "researchDevelopment": null,
            "effectOfAccountingCharges": null,
            "incomeBeforeTax": "2883000000.00",
            "minorityInterest": "262000000.00",
            "netIncome": "2221000000.00",
            "sellingGeneralAdministrative": "3678000000.00",
            "sellingAndMarketingExpenses": null,
            "grossProfit": "9543000000.00",
            "reconciledDepreciation": "407000000.00",
            "ebit": "2779000000.00",
            "ebitda": "3186000000.00",
            "depreciationAndAmortization": "407000000.00",
            "nonOperatingIncomeNetOther": null,
            "operatingIncome": "2779000000.00",
            "otherOperatingExpenses": "6764000000.00",
            "interestExpense": null,
            "taxProvision": null,
            "interestIncome": null,
            "netInterestIncome": null,
            "extraordinaryItems": null,
            "nonRecurring": null,
            "otherItems": null,
            "incomeTaxExpense": "558000000.00",
            "totalRevenue": "9543000000.00",
            "totalOperatingExpenses": "-6764000000.00",
            "costOfRevenue": null,
            "totalOtherIncomeExpenseNet": "104000000.00",
            "discontinuedOperations": null,
            "netIncomeFromContinuingOps": null,
            "netIncomeApplicableToCommonShares": null,
            "preferredStockAndOtherAdjustments": null
        },
        "2010-06-30": {
            "date": "2010-06-30",
            "filing_date": "2010-06-30",
            "currency_symbol": "EUR",
            "researchDevelopment": null,
            "effectOfAccountingCharges": null,
            "incomeBeforeTax": "3158047000.00",
            "minorityInterest": "246121000.00",
            "netIncome": "2230349000.00",
            "sellingGeneralAdministrative": "4070237000.00",
            "sellingAndMarketingExpenses": "854651000.00",
            "grossProfit": "22286174000.00",
            "reconciledDepreciation": "477414000.00",
            "ebit": "2910896000.00",
            "ebitda": "3388310000.00",
            "depreciationAndAmortization": "477414000.00",
            "nonOperatingIncomeNetOther": null,
            "operatingIncome": "2910896000.00",
            "otherOperatingExpenses": "19375278000.00",
            "interestExpense": null,
            "taxProvision": null,
            "interestIncome": null,
            "netInterestIncome": null,
            "extraordinaryItems": null,
            "nonRecurring": null,
            "otherItems": null,
            "incomeTaxExpense": "680547000.00",
            "totalRevenue": "22286174000.00",
            "totalOperatingExpenses": "-19375278000.00",
            "costOfRevenue": null,
            "totalOtherIncomeExpenseNet": "247151000.00",
            "discontinuedOperations": null,
            "netIncomeFromContinuingOps": null,
            "netIncomeApplicableToCommonShares": null,
            "preferredStockAndOtherAdjustments": null
        },
        "2010-03-31": {
            "date": "2010-03-31",
            "filing_date": "2010-03-31",
            "currency_symbol": "EUR",
            "researchDevelopment": null,
            "effectOfAccountingCharges": null,
            "incomeBeforeTax": "3173000000.00",
            "minorityInterest": "212000000.00",
            "netIncome": "2215000000.00",
            "sellingGeneralAdministrative": "3812000000.00",
            "sellingAndMarketingExpenses": null,
            "grossProfit": "2804000000.00",
            "reconciledDepreciation": "451000000.00",
            "ebit": "2949000000.00",
            "ebitda": "3400000000.00",
            "depreciationAndAmortization": "451000000.00",
            "nonOperatingIncomeNetOther": null,
            "operatingIncome": "2949000000.00",
            "otherOperatingExpenses": "145000000.00",
            "interestExpense": null,
            "taxProvision": null,
            "interestIncome": null,
            "netInterestIncome": null,
            "extraordinaryItems": null,
            "nonRecurring": null,
            "otherItems": null,
            "incomeTaxExpense": "734000000.00",
            "totalRevenue": "2804000000.00",
            "totalOperatingExpenses": "145000000.00",
            "costOfRevenue": null,
            "totalOtherIncomeExpenseNet": "224000000.00",
            "discontinuedOperations": null,
            "netIncomeFromContinuingOps": null,
            "netIncomeApplicableToCommonShares": null,
            "preferredStockAndOtherAdjustments": null
        },
        "2009-12-31": {
            "date": "2009-12-31",
            "filing_date": "2009-12-31",
            "currency_symbol": "EUR",
            "researchDevelopment": null,
            "effectOfAccountingCharges": null,
            "incomeBeforeTax": "1791800000.00",
            "minorityInterest": "160522000.00",
            "netIncome": "2202538000.00",
            "sellingGeneralAdministrative": "2969179000.00",
            "sellingAndMarketingExpenses": "594432000.00",
            "grossProfit": "13252151000.00",
            "reconciledDepreciation": "404445000.00",
            "ebit": "1608148000.00",
            "ebitda": "2012593000.00",
            "depreciationAndAmortization": "404445000.00",
            "nonOperatingIncomeNetOther": null,
            "operatingIncome": "1608148000.00",
            "otherOperatingExpenses": "11644003000.00",
            "interestExpense": null,
            "taxProvision": null,
            "interestIncome": null,
            "netInterestIncome": null,
            "extraordinaryItems": null,
            "nonRecurring": null,
            "otherItems": null,
            "incomeTaxExpense": "-594390000.00",
            "totalRevenue": "13252151000.00",
            "totalOperatingExpenses": "-11644003000.00",
            "costOfRevenue": null,
            "totalOtherIncomeExpenseNet": "183652000.00",
            "discontinuedOperations": null,
            "netIncomeFromContinuingOps": null,
            "netIncomeApplicableToCommonShares": null,
            "preferredStockAndOtherAdjustments": null
        },
        "2009-09-30": {
            "date": "2009-09-30",
            "filing_date": "2009-09-30",
            "currency_symbol": "EUR",
            "researchDevelopment": null,
            "effectOfAccountingCharges": null,
            "incomeBeforeTax": "2883000000.00",
            "minorityInterest": "97000000.00",
            "netIncome": "2221000000.00",
            "sellingGeneralAdministrative": "3679000000.00",
            "sellingAndMarketingExpenses": null,
            "grossProfit": "9909000000.00",
            "reconciledDepreciation": "407000000.00",
            "ebit": "2780000000.00",
            "ebitda": "3187000000.00",
            "depreciationAndAmortization": "407000000.00",
            "nonOperatingIncomeNetOther": null,
            "operatingIncome": "2780000000.00",
            "otherOperatingExpenses": "7129000000.00",
            "interestExpense": null,
            "taxProvision": null,
            "interestIncome": null,
            "netInterestIncome": null,
            "extraordinaryItems": null,
            "nonRecurring": null,
            "otherItems": null,
            "incomeTaxExpense": "559000000.00",
            "totalRevenue": "9909000000.00",
            "totalOperatingExpenses": "-7129000000.00",
            "costOfRevenue": null,
            "totalOtherIncomeExpenseNet": "103000000.00",
            "discontinuedOperations": null,
            "netIncomeFromContinuingOps": null,
            "netIncomeApplicableToCommonShares": null,
            "preferredStockAndOtherAdjustments": null
        },
        "2009-06-30": {
            "date": "2009-06-30",
            "filing_date": "2009-06-30",
            "currency_symbol": "EUR",
            "researchDevelopment": null,
            "effectOfAccountingCharges": null,
            "incomeBeforeTax": "3080985000.00",
            "minorityInterest": "113116000.00",
            "netIncome": "2423003000.00",
            "sellingGeneralAdministrative": "3577872000.00",
            "sellingAndMarketingExpenses": null,
            "grossProfit": "10210475000.00",
            "reconciledDepreciation": "395726000.00",
            "ebit": "3043514000.00",
            "ebitda": "3439240000.00",
            "depreciationAndAmortization": "395726000.00",
            "nonOperatingIncomeNetOther": null,
            "operatingIncome": "3043514000.00",
            "otherOperatingExpenses": "7166961000.00",
            "interestExpense": null,
            "taxProvision": null,
            "interestIncome": null,
            "netInterestIncome": null,
            "extraordinaryItems": "74645000.00",
            "nonRecurring": null,
            "otherItems": null,
            "incomeTaxExpense": "620511000.00",
            "totalRevenue": "10210475000.00",
            "totalOperatingExpenses": "-7166961000.00",
            "costOfRevenue": null,
            "totalOtherIncomeExpenseNet": "37471000.00",
            "discontinuedOperations": null,
            "netIncomeFromContinuingOps": null,
            "netIncomeApplicableToCommonShares": null,
            "preferredStockAndOtherAdjustments": null
        },
        "2009-03-31": {
            "date": "2009-03-31",
            "filing_date": "2009-03-31",
            "currency_symbol": "EUR",
            "researchDevelopment": null,
            "effectOfAccountingCharges": null,
            "incomeBeforeTax": "2832000000.00",
            "minorityInterest": "99000000.00",
            "netIncome": "2096000000.00",
            "sellingGeneralAdministrative": "3691000000.00",
            "sellingAndMarketingExpenses": null,
            "grossProfit": "9182000000.00",
            "reconciledDepreciation": "389000000.00",
            "ebit": "2718000000.00",
            "ebitda": "3107000000.00",
            "depreciationAndAmortization": "389000000.00",
            "nonOperatingIncomeNetOther": null,
            "operatingIncome": "2718000000.00",
            "otherOperatingExpenses": "6464000000.00",
            "interestExpense": null,
            "taxProvision": null,
            "interestIncome": null,
            "netInterestIncome": null,
            "extraordinaryItems": null,
            "nonRecurring": null,
            "otherItems": null,
            "incomeTaxExpense": "622000000.00",
            "totalRevenue": "9182000000.00",
            "totalOperatingExpenses": "-6464000000.00",
            "costOfRevenue": null,
            "totalOtherIncomeExpenseNet": "114000000.00",
            "discontinuedOperations": null,
            "netIncomeFromContinuingOps": null,
            "netIncomeApplicableToCommonShares": null,
            "preferredStockAndOtherAdjustments": null
        },
        "2008-12-31": {
            "date": "2008-12-31",
            "filing_date": "2008-12-31",
            "currency_symbol": "EUR",
            "researchDevelopment": null,
            "effectOfAccountingCharges": null,
            "incomeBeforeTax": "2721051895.00",
            "minorityInterest": "71504000.00",
            "netIncome": "1949090230.00",
            "sellingGeneralAdministrative": "3550518081.00",
            "sellingAndMarketingExpenses": null,
            "grossProfit": "432418964.00",
            "reconciledDepreciation": "351206760.20",
            "ebit": "-351206760.20",
            "ebitda": "-0.20",
            "depreciationAndAmortization": "351206760.00",
            "nonOperatingIncomeNetOther": null,
            "operatingIncome": "13608532953.00",
            "otherOperatingExpenses": "13176113989.00",
            "interestExpense": "11360721172.00",
            "taxProvision": null,
            "interestIncome": null,
            "netInterestIncome": null,
            "extraordinaryItems": null,
            "nonRecurring": null,
            "otherItems": null,
            "incomeTaxExpense": "298721551.00",
            "totalRevenue": "432418964.00",
            "totalOperatingExpenses": "13176113989.00",
            "costOfRevenue": null,
            "totalOtherIncomeExpenseNet": "2721051895.00",
            "discontinuedOperations": null,
            "netIncomeFromContinuingOps": null,
            "netIncomeApplicableToCommonShares": null,
            "preferredStockAndOtherAdjustments": null
        },
        "2008-09-30": {
            "date": "2008-09-30",
            "filing_date": "2008-09-30",
            "currency_symbol": "EUR",
            "researchDevelopment": null,
            "effectOfAccountingCharges": null,
            "incomeBeforeTax": "2678349629.00",
            "minorityInterest": "123000000.00",
            "netIncome": "2202426622.00",
            "sellingGeneralAdministrative": "2840356118.00",
            "sellingAndMarketingExpenses": null,
            "grossProfit": "10680779191.00",
            "reconciledDepreciation": "303444239.80",
            "ebit": "-303444239.80",
            "ebitda": "-0.80",
            "depreciationAndAmortization": "303444239.00",
            "nonOperatingIncomeNetOther": null,
            "operatingIncome": "12945549937.00",
            "otherOperatingExpenses": "2264770746.00",
            "interestExpense": "10265634948.00",
            "taxProvision": null,
            "interestIncome": null,
            "netInterestIncome": null,
            "extraordinaryItems": "2000000.00",
            "nonRecurring": null,
            "otherItems": null,
            "incomeTaxExpense": "477488365.00",
            "totalRevenue": "10680779191.00",
            "totalOperatingExpenses": "2264770746.00",
            "costOfRevenue": null,
            "totalOtherIncomeExpenseNet": "2895000000.00",
            "discontinuedOperations": null,
            "netIncomeFromContinuingOps": null,
            "netIncomeApplicableToCommonShares": null,
            "preferredStockAndOtherAdjustments": null
        },
        "2008-06-30": {
            "date": "2008-06-30",
            "filing_date": "2008-06-30",
            "currency_symbol": "EUR",
            "researchDevelopment": null,
            "effectOfAccountingCharges": null,
            "incomeBeforeTax": "3103537800.00",
            "minorityInterest": "132000000.00",
            "netIncome": "2525913750.00",
            "sellingGeneralAdministrative": "2788354600.00",
            "sellingAndMarketingExpenses": null,
            "grossProfit": "7776001650.00",
            "reconciledDepreciation": null,
            "ebit": null,
            "ebitda": "3105444150.00",
            "depreciationAndAmortization": null,
            "nonOperatingIncomeNetOther": null,
            "operatingIncome": "3105444150.00",
            "otherOperatingExpenses": "4670557500.00",
            "interestExpense": null,
            "taxProvision": null,
            "interestIncome": null,
            "netInterestIncome": null,
            "extraordinaryItems": "2000000.00",
            "nonRecurring": null,
            "otherItems": null,
            "incomeTaxExpense": "579530400.00",
            "totalRevenue": "7776001650.00",
            "totalOperatingExpenses": "-4670557500.00",
            "costOfRevenue": null,
            "totalOtherIncomeExpenseNet": "-9343021350.00",
            "discontinuedOperations": null,
            "netIncomeFromContinuingOps": null,
            "netIncomeApplicableToCommonShares": null,
            "preferredStockAndOtherAdjustments": null
        },
        "2008-03-31": {
            "date": "2008-03-31",
            "filing_date": "2008-03-31",
            "currency_symbol": "EUR",
            "researchDevelopment": null,
            "effectOfAccountingCharges": null,
            "incomeBeforeTax": "2734747610.00",
            "minorityInterest": "130000000.00",
            "netIncome": "2205400770.00",
            "sellingGeneralAdministrative": "2771472630.00",
            "sellingAndMarketingExpenses": null,
            "grossProfit": "7364632890.00",
            "reconciledDepreciation": null,
            "ebit": null,
            "ebitda": "2736013990.00",
            "depreciationAndAmortization": null,
            "nonOperatingIncomeNetOther": null,
            "operatingIncome": "2736013990.00",
            "otherOperatingExpenses": "4628618900.00",
            "interestExpense": null,
            "taxProvision": null,
            "interestIncome": null,
            "netInterestIncome": null,
            "extraordinaryItems": "1000000.00",
            "nonRecurring": null,
            "otherItems": null,
            "incomeTaxExpense": "530613220.00",
            "totalRevenue": "7364632890.00",
            "totalOperatingExpenses": "-4628618900.00",
            "costOfRevenue": null,
            "totalOtherIncomeExpenseNet": "3054000000.00",
            "discontinuedOperations": null,
            "netIncomeFromContinuingOps": null,
            "netIncomeApplicableToCommonShares": null,
            "preferredStockAndOtherAdjustments": null
        },
        "2007-12-31": {
            "date": "2007-12-31",
            "filing_date": "2007-12-31",
            "currency_symbol": "EUR",
            "researchDevelopment": null,
            "effectOfAccountingCharges": null,
            "incomeBeforeTax": "3337128550.00",
            "minorityInterest": "109000000.00",
            "netIncome": "3052556790.00",
            "sellingGeneralAdministrative": "6363546090.00",
            "sellingAndMarketingExpenses": null,
            "grossProfit": "7711748640.00",
            "reconciledDepreciation": null,
            "ebit": null,
            "ebitda": "3557831550.00",
            "depreciationAndAmortization": null,
            "nonOperatingIncomeNetOther": null,
            "operatingIncome": "3557831550.00",
            "otherOperatingExpenses": "4153917090.00",
            "interestExpense": null,
            "taxProvision": null,
            "interestIncome": null,
            "netInterestIncome": null,
            "extraordinaryItems": "381000000.00",
            "nonRecurring": null,
            "otherItems": null,
            "incomeTaxExpense": "505274760.00",
            "totalRevenue": "7711748640.00",
            "totalOperatingExpenses": "-4153917090.00",
            "costOfRevenue": null,
            "totalOtherIncomeExpenseNet": "-8528537180.00",
            "discontinuedOperations": null,
            "netIncomeFromContinuingOps": null,
            "netIncomeApplicableToCommonShares": null,
            "preferredStockAndOtherAdjustments": null
        },
        "2007-09-30": {
            "date": "2007-09-30",
            "filing_date": "2007-09-30",
            "currency_symbol": "EUR",
            "researchDevelopment": null,
            "effectOfAccountingCharges": null,
            "incomeBeforeTax": "2710578360.00",
            "minorityInterest": "143000000.00",
            "netIncome": "2113522320.00",
            "sellingGeneralAdministrative": "1653116430.00",
            "sellingAndMarketingExpenses": null,
            "grossProfit": "7081981620.00",
            "reconciledDepreciation": null,
            "ebit": null,
            "ebitda": "2710578360.00",
            "depreciationAndAmortization": null,
            "nonOperatingIncomeNetOther": null,
            "operatingIncome": "2710578360.00",
            "otherOperatingExpenses": "4371403260.00",
            "interestExpense": "8405572169.00",
            "taxProvision": null,
            "interestIncome": null,
            "netInterestIncome": null,
            "extraordinaryItems": null,
            "nonRecurring": null,
            "otherItems": null,
            "incomeTaxExpense": "597056040.00",
            "totalRevenue": "7081981620.00",
            "totalOperatingExpenses": "-4371403260.00",
            "costOfRevenue": null,
            "totalOtherIncomeExpenseNet": "-4423546855.29",
            "discontinuedOperations": null,
            "netIncomeFromContinuingOps": null,
            "netIncomeApplicableToCommonShares": null,
            "preferredStockAndOtherAdjustments": null
        },
        "2007-06-30": {
            "date": "2007-06-30",
            "filing_date": "2007-06-30",
            "currency_symbol": "EUR",
            "researchDevelopment": null,
            "effectOfAccountingCharges": null,
            "incomeBeforeTax": "3314163591.00",
            "minorityInterest": "143000000.00",
            "netIncome": "2655995614.00",
            "sellingGeneralAdministrative": "1629405255.00",
            "sellingAndMarketingExpenses": null,
            "grossProfit": "7908414646.00",
            "reconciledDepreciation": null,
            "ebit": null,
            "ebitda": "10656750601.00",
            "depreciationAndAmortization": null,
            "nonOperatingIncomeNetOther": null,
            "operatingIncome": "10656750601.00",
            "otherOperatingExpenses": "2748335954.00",
            "interestExpense": "7342587009.00",
            "taxProvision": null,
            "interestIncome": null,
            "netInterestIncome": null,
            "extraordinaryItems": null,
            "nonRecurring": null,
            "otherItems": null,
            "incomeTaxExpense": "658167976.00",
            "totalRevenue": "7908414646.00",
            "totalOperatingExpenses": "2748335954.00",
            "costOfRevenue": null,
            "totalOtherIncomeExpenseNet": "-2464306962.00",
            "discontinuedOperations": null,
            "netIncomeFromContinuingOps": null,
            "netIncomeApplicableToCommonShares": null,
            "preferredStockAndOtherAdjustments": null
        },
        "2007-03-31": {
            "date": "2007-03-31",
            "filing_date": "2007-03-31",
            "currency_symbol": "EUR",
            "researchDevelopment": null,
            "effectOfAccountingCharges": null,
            "incomeBeforeTax": "2377426560.00",
            "minorityInterest": "125074000.00",
            "netIncome": "1801783920.00",
            "sellingGeneralAdministrative": "2640919680.00",
            "sellingAndMarketingExpenses": null,
            "grossProfit": "6274429920.00",
            "reconciledDepreciation": null,
            "ebit": null,
            "ebitda": "2377426560.00",
            "depreciationAndAmortization": null,
            "nonOperatingIncomeNetOther": null,
            "operatingIncome": "2377426560.00",
            "otherOperatingExpenses": "3897003360.00",
            "interestExpense": "6951570000.00",
            "taxProvision": null,
            "interestIncome": null,
            "netInterestIncome": null,
            "extraordinaryItems": null,
            "nonRecurring": null,
            "otherItems": null,
            "incomeTaxExpense": "575642640.00",
            "totalRevenue": "6274429920.00",
            "totalOperatingExpenses": "-3897003360.00",
            "costOfRevenue": null,
            "totalOtherIncomeExpenseNet": "-7794006720.00",
            "discontinuedOperations": null,
            "netIncomeFromContinuingOps": null,
            "netIncomeApplicableToCommonShares": null,
            "preferredStockAndOtherAdjustments": null
        },
        "2006-12-31": {
            "date": "2006-12-31",
            "filing_date": "2006-12-31",
            "currency_symbol": "EUR",
            "researchDevelopment": null,
            "effectOfAccountingCharges": null,
            "incomeBeforeTax": "2565823240.00",
            "minorityInterest": "211100000.00",
            "netIncome": "2653861880.00",
            "sellingGeneralAdministrative": "5779534240.00",
            "sellingAndMarketingExpenses": null,
            "grossProfit": "7253497560.00",
            "reconciledDepreciation": null,
            "ebit": null,
            "ebitda": "3312482880.00",
            "depreciationAndAmortization": null,
            "nonOperatingIncomeNetOther": null,
            "operatingIncome": "3312482880.00",
            "otherOperatingExpenses": "3941014680.00",
            "interestExpense": null,
            "taxProvision": null,
            "interestIncome": null,
            "netInterestIncome": null,
            "extraordinaryItems": null,
            "nonRecurring": null,
            "otherItems": null,
            "incomeTaxExpense": "658621000.00",
            "totalRevenue": "7253497560.00",
            "totalOperatingExpenses": "-3941014680.00",
            "costOfRevenue": null,
            "totalOtherIncomeExpenseNet": "-8628689000.00",
            "discontinuedOperations": null,
            "netIncomeFromContinuingOps": null,
            "netIncomeApplicableToCommonShares": null,
            "preferredStockAndOtherAdjustments": null
        },
        "2006-09-30": {
            "date": "2006-09-30",
            "filing_date": "2006-09-30",
            "currency_symbol": "EUR",
            "researchDevelopment": null,
            "effectOfAccountingCharges": null,
            "incomeBeforeTax": "2386730840.00",
            "minorityInterest": "108900000.00",
            "netIncome": "1729572200.00",
            "sellingGeneralAdministrative": "1488456440.00",
            "sellingAndMarketingExpenses": null,
            "grossProfit": "6023166240.00",
            "reconciledDepreciation": null,
            "ebit": null,
            "ebitda": "2386730840.00",
            "depreciationAndAmortization": null,
            "nonOperatingIncomeNetOther": null,
            "operatingIncome": "2386730840.00",
            "otherOperatingExpenses": "3636435400.00",
            "interestExpense": null,
            "taxProvision": null,
            "interestIncome": null,
            "netInterestIncome": null,
            "extraordinaryItems": null,
            "nonRecurring": null,
            "otherItems": null,
            "incomeTaxExpense": "657158640.00",
            "totalRevenue": "6023166240.00",
            "totalOperatingExpenses": "-3636435400.00",
            "costOfRevenue": null,
            "totalOtherIncomeExpenseNet": "-7272870800.00",
            "discontinuedOperations": null,
            "netIncomeFromContinuingOps": null,
            "netIncomeApplicableToCommonShares": null,
            "preferredStockAndOtherAdjustments": null
        },
        "2006-06-30": {
            "date": "2006-06-30",
            "filing_date": "2006-06-30",
            "currency_symbol": "EUR",
            "researchDevelopment": null,
            "effectOfAccountingCharges": null,
            "incomeBeforeTax": "2235105600.00",
            "minorityInterest": "168000000.00",
            "netIncome": "1724067800.00",
            "sellingGeneralAdministrative": "1498679000.00",
            "sellingAndMarketingExpenses": null,
            "grossProfit": "5803761600.00",
            "reconciledDepreciation": null,
            "ebit": null,
            "ebitda": "2235105600.00",
            "depreciationAndAmortization": null,
            "nonOperatingIncomeNetOther": null,
            "operatingIncome": "2235105600.00",
            "otherOperatingExpenses": "3568656000.00",
            "interestExpense": "5851252898.00",
            "taxProvision": null,
            "interestIncome": null,
            "netInterestIncome": null,
            "extraordinaryItems": null,
            "nonRecurring": null,
            "otherItems": null,
            "incomeTaxExpense": "511037800.00",
            "totalRevenue": "5803761600.00",
            "totalOperatingExpenses": "-3568656000.00",
            "costOfRevenue": null,
            "totalOtherIncomeExpenseNet": "-7305028659.00",
            "discontinuedOperations": null,
            "netIncomeFromContinuingOps": null,
            "netIncomeApplicableToCommonShares": null,
            "preferredStockAndOtherAdjustments": null
        },
        "2006-03-31": {
            "date": "2006-03-31",
            "filing_date": "2006-03-31",
            "currency_symbol": "EUR",
            "researchDevelopment": null,
            "effectOfAccountingCharges": null,
            "incomeBeforeTax": "1965173820.00",
            "minorityInterest": "162000000.00",
            "netIncome": "1492443090.00",
            "sellingGeneralAdministrative": "1513068340.00",
            "sellingAndMarketingExpenses": null,
            "grossProfit": "5486316500.00",
            "reconciledDepreciation": null,
            "ebit": null,
            "ebitda": "1960223760.00",
            "depreciationAndAmortization": null,
            "nonOperatingIncomeNetOther": null,
            "operatingIncome": "1960223760.00",
            "otherOperatingExpenses": "3526092740.00",
            "interestExpense": null,
            "taxProvision": null,
            "interestIncome": null,
            "netInterestIncome": null,
            "extraordinaryItems": null,
            "nonRecurring": null,
            "otherItems": null,
            "incomeTaxExpense": "467780670.00",
            "totalRevenue": "5486316500.00",
            "totalOperatingExpenses": "-3526092740.00",
            "costOfRevenue": null,
            "totalOtherIncomeExpenseNet": "-7166036860.00",
            "discontinuedOperations": null,
            "netIncomeFromContinuingOps": null,
            "netIncomeApplicableToCommonShares": null,
            "preferredStockAndOtherAdjustments": null
        },
        "2005-12-31": {
            "date": "2005-12-31",
            "filing_date": "2005-12-31",
            "currency_symbol": "EUR",
            "researchDevelopment": null,
            "effectOfAccountingCharges": null,
            "incomeBeforeTax": "2729123831.00",
            "minorityInterest": "153000000.00",
            "netIncome": "2341205564.00",
            "sellingGeneralAdministrative": "1538170461.00",
            "sellingAndMarketingExpenses": "102359730.00",
            "grossProfit": "18761527579.00",
            "reconciledDepreciation": null,
            "ebit": null,
            "ebitda": "2729741724.00",
            "depreciationAndAmortization": null,
            "nonOperatingIncomeNetOther": null,
            "operatingIncome": "2729741724.00",
            "otherOperatingExpenses": "16031785854.62",
            "interestExpense": "22801000000.00",
            "taxProvision": null,
            "interestIncome": null,
            "netInterestIncome": null,
            "extraordinaryItems": null,
            "nonRecurring": null,
            "otherItems": null,
            "incomeTaxExpense": "388536159.00",
            "totalRevenue": "18761527579.00",
            "totalOperatingExpenses": "-16031785854.62",
            "costOfRevenue": null,
            "totalOtherIncomeExpenseNet": "-32064189602.62",
            "discontinuedOperations": null,
            "netIncomeFromContinuingOps": null,
            "netIncomeApplicableToCommonShares": null,
            "preferredStockAndOtherAdjustments": null
        },
        "2005-09-30": {
            "date": "2005-09-30",
            "filing_date": "2005-09-30",
            "currency_symbol": "EUR",
            "researchDevelopment": null,
            "effectOfAccountingCharges": null,
            "incomeBeforeTax": "1693965220.00",
            "minorityInterest": "117000000.00",
            "netIncome": "1325748050.00",
            "sellingGeneralAdministrative": "1443777030.00",
            "sellingAndMarketingExpenses": null,
            "grossProfit": "5102675410.00",
            "reconciledDepreciation": null,
            "ebit": null,
            "ebitda": "1679003800.00",
            "depreciationAndAmortization": null,
            "nonOperatingIncomeNetOther": null,
            "operatingIncome": "1679003800.00",
            "otherOperatingExpenses": "3423671610.00",
            "interestExpense": null,
            "taxProvision": null,
            "interestIncome": null,
            "netInterestIncome": null,
            "extraordinaryItems": null,
            "nonRecurring": null,
            "otherItems": null,
            "incomeTaxExpense": "353255750.00",
            "totalRevenue": "5102675410.00",
            "totalOperatingExpenses": "-3423671610.00",
            "costOfRevenue": null,
            "totalOtherIncomeExpenseNet": "-6832381800.00",
            "discontinuedOperations": null,
            "netIncomeFromContinuingOps": null,
            "netIncomeApplicableToCommonShares": null,
            "preferredStockAndOtherAdjustments": null
        },
        "2005-06-30": {
            "date": "2005-06-30",
            "filing_date": "2005-06-30",
            "currency_symbol": "EUR",
            "researchDevelopment": null,
            "effectOfAccountingCharges": null,
            "incomeBeforeTax": "1696460220.00",
            "minorityInterest": "141200000.00",
            "netIncome": "1362784500.00",
            "sellingGeneralAdministrative": "1447029360.00",
            "sellingAndMarketingExpenses": null,
            "grossProfit": "4996050570.00",
            "reconciledDepreciation": null,
            "ebit": null,
            "ebitda": "1696460220.00",
            "depreciationAndAmortization": null,
            "nonOperatingIncomeNetOther": null,
            "operatingIncome": "1696460220.00",
            "otherOperatingExpenses": "3299590350.00",
            "interestExpense": null,
            "taxProvision": null,
            "interestIncome": null,
            "netInterestIncome": null,
            "extraordinaryItems": null,
            "nonRecurring": null,
            "otherItems": null,
            "incomeTaxExpense": "333675720.00",
            "totalRevenue": "4996050570.00",
            "totalOperatingExpenses": "-3299590350.00",
            "costOfRevenue": null,
            "totalOtherIncomeExpenseNet": "-6599180700.00",
            "discontinuedOperations": null,
            "netIncomeFromContinuingOps": null,
            "netIncomeApplicableToCommonShares": null,
            "preferredStockAndOtherAdjustments": null
        },
        "2005-03-31": {
            "date": "2005-03-31",
            "filing_date": "2005-03-31",
            "currency_symbol": "EUR",
            "researchDevelopment": null,
            "effectOfAccountingCharges": null,
            "incomeBeforeTax": "1044301762.00",
            "minorityInterest": "118800000.00",
            "netIncome": "855273640.00",
            "sellingGeneralAdministrative": "1016312739.00",
            "sellingAndMarketingExpenses": null,
            "grossProfit": "3507062723.00",
            "reconciledDepreciation": null,
            "ebit": null,
            "ebitda": "1044301762.00",
            "depreciationAndAmortization": null,
            "nonOperatingIncomeNetOther": null,
            "operatingIncome": "1044301762.00",
            "otherOperatingExpenses": "2462760960.66",
            "interestExpense": null,
            "taxProvision": null,
            "interestIncome": null,
            "netInterestIncome": null,
            "extraordinaryItems": null,
            "nonRecurring": null,
            "otherItems": null,
            "incomeTaxExpense": "189028121.00",
            "totalRevenue": "3507062723.00",
            "totalOperatingExpenses": "-2462760960.66",
            "costOfRevenue": null,
            "totalOtherIncomeExpenseNet": "-4474020913.66",
            "discontinuedOperations": null,
            "netIncomeFromContinuingOps": null,
            "netIncomeApplicableToCommonShares": null,
            "preferredStockAndOtherAdjustments": null
        },
        "2004-12-31": {
            "date": "2004-12-31",
            "filing_date": "2004-12-31",
            "currency_symbol": "EUR",
            "researchDevelopment": null,
            "effectOfAccountingCharges": null,
            "incomeBeforeTax": "363029219.00",
            "minorityInterest": "280000000.00",
            "netIncome": "283411588.00",
            "sellingGeneralAdministrative": "3875333026.00",
            "sellingAndMarketingExpenses": null,
            "grossProfit": "3625500715.00",
            "reconciledDepreciation": null,
            "ebit": null,
            "ebitda": "3014834720.00",
            "depreciationAndAmortization": null,
            "nonOperatingIncomeNetOther": null,
            "operatingIncome": "3014834720.00",
            "otherOperatingExpenses": "610665995.36",
            "interestExpense": "2907384500.00",
            "taxProvision": null,
            "interestIncome": null,
            "netInterestIncome": null,
            "extraordinaryItems": null,
            "nonRecurring": null,
            "otherItems": null,
            "incomeTaxExpense": "-175961368.96",
            "totalRevenue": "3625500715.00",
            "totalOperatingExpenses": "-610665995.36",
            "costOfRevenue": null,
            "totalOtherIncomeExpenseNet": "-3873137491.36",
            "discontinuedOperations": null,
            "netIncomeFromContinuingOps": null,
            "netIncomeApplicableToCommonShares": null,
            "preferredStockAndOtherAdjustments": null
        },
        "2004-09-30": {
            "date": "2004-09-30",
            "filing_date": "2004-09-30",
            "currency_symbol": "EUR",
            "researchDevelopment": null,
            "effectOfAccountingCharges": null,
            "incomeBeforeTax": "978840658.00",
            "minorityInterest": null,
            "netIncome": "715383248.00",
            "sellingGeneralAdministrative": "1011635118.00",
            "sellingAndMarketingExpenses": null,
            "grossProfit": "3454336693.00",
            "reconciledDepreciation": null,
            "ebit": null,
            "ebitda": "3314460037.00",
            "depreciationAndAmortization": null,
            "nonOperatingIncomeNetOther": null,
            "operatingIncome": "3314460037.00",
            "otherOperatingExpenses": "139876656.66",
            "interestExpense": "2335619378.00",
            "taxProvision": null,
            "interestIncome": null,
            "netInterestIncome": null,
            "extraordinaryItems": null,
            "nonRecurring": null,
            "otherItems": null,
            "incomeTaxExpense": "263457409.00",
            "totalRevenue": "3454336693.00",
            "totalOperatingExpenses": "-139876656.66",
            "costOfRevenue": null,
            "totalOtherIncomeExpenseNet": "-2453081929.00",
            "discontinuedOperations": null,
            "netIncomeFromContinuingOps": null,
            "netIncomeApplicableToCommonShares": null,
            "preferredStockAndOtherAdjustments": null
        },
        "2004-06-30": {
            "date": "2004-06-30",
            "filing_date": "2004-06-30",
            "currency_symbol": "EUR",
            "researchDevelopment": null,
            "effectOfAccountingCharges": null,
            "incomeBeforeTax": "1209959224.00",
            "minorityInterest": "185000000.00",
            "netIncome": "979994924.00",
            "sellingGeneralAdministrative": "1021052511.00",
            "sellingAndMarketingExpenses": null,
            "grossProfit": "3666837699.00",
            "reconciledDepreciation": null,
            "ebit": null,
            "ebitda": "3718485980.00",
            "depreciationAndAmortization": null,
            "nonOperatingIncomeNetOther": null,
            "operatingIncome": "3718485980.00",
            "otherOperatingExpenses": "51648280.00",
            "interestExpense": "2508526755.00",
            "taxProvision": null,
            "interestIncome": null,
            "netInterestIncome": null,
            "extraordinaryItems": null,
            "nonRecurring": null,
            "otherItems": null,
            "incomeTaxExpense": "229964300.00",
            "totalRevenue": "3666837699.00",
            "totalOperatingExpenses": "51648280.00",
            "costOfRevenue": null,
            "totalOtherIncomeExpenseNet": "-2355915179.00",
            "discontinuedOperations": null,
            "netIncomeFromContinuingOps": null,
            "netIncomeApplicableToCommonShares": null,
            "preferredStockAndOtherAdjustments": null
        },
        "2004-03-31": {
            "date": "2004-03-31",
            "filing_date": "2004-03-31",
            "currency_symbol": "EUR",
            "researchDevelopment": null,
            "effectOfAccountingCharges": null,
            "incomeBeforeTax": "1153952443.00",
            "minorityInterest": "97000000.00",
            "netIncome": "914452680.00",
            "sellingGeneralAdministrative": "1001744278.00",
            "sellingAndMarketingExpenses": "77103641.00",
            "grossProfit": "3585303511.00",
            "reconciledDepreciation": null,
            "ebit": null,
            "ebitda": "3417214407.00",
            "depreciationAndAmortization": null,
            "nonOperatingIncomeNetOther": null,
            "operatingIncome": "3417214407.00",
            "otherOperatingExpenses": "168089104.38",
            "interestExpense": "2263261963.00",
            "taxProvision": null,
            "interestIncome": null,
            "netInterestIncome": null,
            "extraordinaryItems": null,
            "nonRecurring": null,
            "otherItems": null,
            "incomeTaxExpense": "239499762.00",
            "totalRevenue": "3585303511.00",
            "totalOperatingExpenses": "-168089104.38",
            "costOfRevenue": null,
            "totalOtherIncomeExpenseNet": "-2599440172.00",
            "discontinuedOperations": null,
            "netIncomeFromContinuingOps": null,
            "netIncomeApplicableToCommonShares": null,
            "preferredStockAndOtherAdjustments": null
        },
        "2003-12-31": {
            "date": "2003-12-31",
            "filing_date": "2003-12-31",
            "currency_symbol": "EUR",
            "researchDevelopment": null,
            "effectOfAccountingCharges": null,
            "incomeBeforeTax": "-404222867.37",
            "minorityInterest": null,
            "netIncome": "-46676732.74",
            "sellingGeneralAdministrative": "1022849081.00",
            "sellingAndMarketingExpenses": "60694174.00",
            "grossProfit": "4687503506.00",
            "reconciledDepreciation": null,
            "ebit": null,
            "ebitda": "1829941876.00",
            "depreciationAndAmortization": null,
            "nonOperatingIncomeNetOther": null,
            "operatingIncome": "1829941876.00",
            "otherOperatingExpenses": "2857561630.33",
            "interestExpense": "2234164743.00",
            "taxProvision": null,
            "interestIncome": null,
            "netInterestIncome": null,
            "extraordinaryItems": null,
            "nonRecurring": null,
            "otherItems": null,
            "incomeTaxExpense": "-357546134.63",
            "totalRevenue": "4687503506.00",
            "totalOperatingExpenses": "-2857561630.33",
            "costOfRevenue": null,
            "totalOtherIncomeExpenseNet": "-7949288003.70",
            "discontinuedOperations": null,
            "netIncomeFromContinuingOps": null,
            "netIncomeApplicableToCommonShares": null,
            "preferredStockAndOtherAdjustments": null
        },
        "2003-09-30": {
            "date": "2003-09-30",
            "filing_date": "2003-09-30",
            "currency_symbol": "EUR",
            "researchDevelopment": null,
            "effectOfAccountingCharges": null,
            "incomeBeforeTax": "1140413780.00",
            "minorityInterest": null,
            "netIncome": "877118168.00",
            "sellingGeneralAdministrative": "1011014828.00",
            "sellingAndMarketingExpenses": "52655690.00",
            "grossProfit": "3323817031.00",
            "reconciledDepreciation": null,
            "ebit": null,
            "ebitda": "3474600468.00",
            "depreciationAndAmortization": null,
            "nonOperatingIncomeNetOther": null,
            "operatingIncome": "3474600468.00",
            "otherOperatingExpenses": "150783436.00",
            "interestExpense": "2334186688.00",
            "taxProvision": null,
            "interestIncome": null,
            "netInterestIncome": null,
            "extraordinaryItems": null,
            "nonRecurring": null,
            "otherItems": null,
            "incomeTaxExpense": "263295611.00",
            "totalRevenue": "3323817031.00",
            "totalOperatingExpenses": "150783436.00",
            "costOfRevenue": null,
            "totalOtherIncomeExpenseNet": "-2032619815.00",
            "discontinuedOperations": null,
            "netIncomeFromContinuingOps": null,
            "netIncomeApplicableToCommonShares": null,
            "preferredStockAndOtherAdjustments": null
        },
        "2003-06-30": {
            "date": "2003-06-30",
            "filing_date": "2003-06-30",
            "currency_symbol": "EUR",
            "researchDevelopment": null,
            "effectOfAccountingCharges": null,
            "incomeBeforeTax": "1143806121.00",
            "minorityInterest": null,
            "netIncome": "914945123.00",
            "sellingGeneralAdministrative": "1068356074.00",
            "sellingAndMarketingExpenses": "51660767.00",
            "grossProfit": "3577838194.00",
            "reconciledDepreciation": null,
            "ebit": null,
            "ebitda": "3646905497.00",
            "depreciationAndAmortization": null,
            "nonOperatingIncomeNetOther": null,
            "operatingIncome": "3646905497.00",
            "otherOperatingExpenses": "69067302.00",
            "interestExpense": "2503099375.00",
            "taxProvision": null,
            "interestIncome": null,
            "netInterestIncome": null,
            "extraordinaryItems": null,
            "nonRecurring": null,
            "otherItems": null,
            "incomeTaxExpense": "228860998.00",
            "totalRevenue": "3577838194.00",
            "totalOperatingExpenses": "69067302.00",
            "costOfRevenue": null,
            "totalOtherIncomeExpenseNet": "-2364964771.00",
            "discontinuedOperations": null,
            "netIncomeFromContinuingOps": null,
            "netIncomeApplicableToCommonShares": null,
            "preferredStockAndOtherAdjustments": null
        },
        "2003-03-31": {
            "date": "2003-03-31",
            "filing_date": "2003-03-31",
            "currency_symbol": "EUR",
            "researchDevelopment": null,
            "effectOfAccountingCharges": null,
            "incomeBeforeTax": "1063275213.00",
            "minorityInterest": null,
            "netIncome": "858139315.00",
            "sellingGeneralAdministrative": "987583122.00",
            "sellingAndMarketingExpenses": "49862820.00",
            "grossProfit": "3980050658.00",
            "reconciledDepreciation": null,
            "ebit": null,
            "ebitda": "3653848236.00",
            "depreciationAndAmortization": null,
            "nonOperatingIncomeNetOther": null,
            "operatingIncome": "3653848236.00",
            "otherOperatingExpenses": "326202422.00",
            "interestExpense": "2590573023.00",
            "taxProvision": null,
            "interestIncome": null,
            "netInterestIncome": null,
            "extraordinaryItems": null,
            "nonRecurring": null,
            "otherItems": null,
            "incomeTaxExpense": "205135897.00",
            "totalRevenue": "3980050658.00",
            "totalOperatingExpenses": "-326202422.00",
            "costOfRevenue": null,
            "totalOtherIncomeExpenseNet": "-3242977867.00",
            "discontinuedOperations": null,
            "netIncomeFromContinuingOps": null,
            "netIncomeApplicableToCommonShares": null,
            "preferredStockAndOtherAdjustments": null
        },
        "2002-12-31": {
            "date": "2002-12-31",
            "filing_date": "2002-12-31",
            "currency_symbol": "EUR",
            "researchDevelopment": null,
            "effectOfAccountingCharges": null,
            "incomeBeforeTax": "-65731331.48",
            "minorityInterest": null,
            "netIncome": "223870083.00",
            "sellingGeneralAdministrative": "1076797425.00",
            "sellingAndMarketingExpenses": "77272207.00",
            "grossProfit": "6026413262.00",
            "reconciledDepreciation": null,
            "ebit": null,
            "ebitda": "3502805588.00",
            "depreciationAndAmortization": null,
            "nonOperatingIncomeNetOther": null,
            "operatingIncome": "3502805588.00",
            "otherOperatingExpenses": "2523607673.86",
            "interestExpense": "3568536920.00",
            "taxProvision": null,
            "interestIncome": null,
            "netInterestIncome": null,
            "extraordinaryItems": null,
            "nonRecurring": null,
            "otherItems": null,
            "incomeTaxExpense": "-289601414.64",
            "totalRevenue": "6026413262.00",
            "totalOperatingExpenses": "-2523607673.86",
            "costOfRevenue": null,
            "totalOtherIncomeExpenseNet": "-8615752267.34",
            "discontinuedOperations": null,
            "netIncomeFromContinuingOps": null,
            "netIncomeApplicableToCommonShares": null,
            "preferredStockAndOtherAdjustments": null
        },
        "2002-09-30": {
            "date": "2002-09-30",
            "filing_date": "2002-09-30",
            "currency_symbol": "EUR",
            "researchDevelopment": null,
            "effectOfAccountingCharges": null,
            "incomeBeforeTax": "790439864.00",
            "minorityInterest": null,
            "netIncome": "619048171.00",
            "sellingGeneralAdministrative": "1059313246.00",
            "sellingAndMarketingExpenses": "48963123.00",
            "grossProfit": "3383788200.00",
            "reconciledDepreciation": null,
            "ebit": null,
            "ebitda": "3959189713.00",
            "depreciationAndAmortization": null,
            "nonOperatingIncomeNetOther": null,
            "operatingIncome": "3959189713.00",
            "otherOperatingExpenses": "575401513.00",
            "interestExpense": "3168749849.00",
            "taxProvision": null,
            "interestIncome": null,
            "netInterestIncome": null,
            "extraordinaryItems": null,
            "nonRecurring": null,
            "otherItems": null,
            "incomeTaxExpense": "171391692.00",
            "totalRevenue": "3383788200.00",
            "totalOperatingExpenses": "575401513.00",
            "costOfRevenue": null,
            "totalOtherIncomeExpenseNet": "-4826333510.00",
            "discontinuedOperations": null,
            "netIncomeFromContinuingOps": null,
            "netIncomeApplicableToCommonShares": null,
            "preferredStockAndOtherAdjustments": null
        },
        "2002-06-30": {
            "date": "2002-06-30",
            "filing_date": "2002-06-30",
            "currency_symbol": "EUR",
            "researchDevelopment": null,
            "effectOfAccountingCharges": null,
            "incomeBeforeTax": "817445767.00",
            "minorityInterest": null,
            "netIncome": "621769773.00",
            "sellingGeneralAdministrative": "1165070044.00",
            "sellingAndMarketingExpenses": "76671715.00",
            "grossProfit": "3850819768.00",
            "reconciledDepreciation": null,
            "ebit": null,
            "ebitda": "4483971168.00",
            "depreciationAndAmortization": null,
            "nonOperatingIncomeNetOther": null,
            "operatingIncome": "4483971168.00",
            "otherOperatingExpenses": "633151400.00",
            "interestExpense": "3666525401.00",
            "taxProvision": null,
            "interestIncome": null,
            "netInterestIncome": null,
            "extraordinaryItems": null,
            "nonRecurring": null,
            "otherItems": null,
            "incomeTaxExpense": "195675993.00",
            "totalRevenue": "3850819768.00",
            "totalOperatingExpenses": "633151400.00",
            "costOfRevenue": null,
            "totalOtherIncomeExpenseNet": "-5617890969.00",
            "discontinuedOperations": null,
            "netIncomeFromContinuingOps": null,
            "netIncomeApplicableToCommonShares": null,
            "preferredStockAndOtherAdjustments": null
        },
        "2002-03-31": {
            "date": "2002-03-31",
            "filing_date": "2002-03-31",
            "currency_symbol": "EUR",
            "researchDevelopment": null,
            "effectOfAccountingCharges": null,
            "incomeBeforeTax": "1022246594.00",
            "minorityInterest": null,
            "netIncome": "784568484.00",
            "sellingGeneralAdministrative": "1224458219.00",
            "sellingAndMarketingExpenses": "71233562.00",
            "grossProfit": "4045628764.00",
            "reconciledDepreciation": null,
            "ebit": null,
            "ebitda": "4456146471.00",
            "depreciationAndAmortization": null,
            "nonOperatingIncomeNetOther": null,
            "operatingIncome": "4456146471.00",
            "otherOperatingExpenses": "410517707.00",
            "interestExpense": "3433899877.00",
            "taxProvision": null,
            "interestIncome": null,
            "netInterestIncome": null,
            "extraordinaryItems": null,
            "nonRecurring": null,
            "otherItems": null,
            "incomeTaxExpense": "237678109.00",
            "totalRevenue": "4045628764.00",
            "totalOperatingExpenses": "410517707.00",
            "costOfRevenue": null,
            "totalOtherIncomeExpenseNet": "-2612864463.00",
            "discontinuedOperations": null,
            "netIncomeFromContinuingOps": null,
            "netIncomeApplicableToCommonShares": null,
            "preferredStockAndOtherAdjustments": null
        },
        "2001-12-31": {
            "date": "2001-12-31",
            "filing_date": "2001-12-31",
            "currency_symbol": "EUR",
            "researchDevelopment": null,
            "effectOfAccountingCharges": null,
            "incomeBeforeTax": "-422520088.42",
            "minorityInterest": null,
            "netIncome": "-87351812.18",
            "sellingGeneralAdministrative": "963814343.00",
            "sellingAndMarketingExpenses": "62535198.00",
            "grossProfit": "3723263594.00",
            "reconciledDepreciation": null,
            "ebit": null,
            "ebitda": "1960596383.00",
            "depreciationAndAmortization": null,
            "nonOperatingIncomeNetOther": null,
            "operatingIncome": "1960596383.00",
            "otherOperatingExpenses": "1762667211.44",
            "interestExpense": "2383116471.00",
            "taxProvision": null,
            "interestIncome": null,
            "netInterestIncome": null,
            "extraordinaryItems": null,
            "nonRecurring": null,
            "otherItems": null,
            "incomeTaxExpense": "-335168276.24",
            "totalRevenue": "3723263594.00",
            "totalOperatingExpenses": "-1762667211.44",
            "costOfRevenue": null,
            "totalOtherIncomeExpenseNet": "-5908450893.86",
            "discontinuedOperations": null,
            "netIncomeFromContinuingOps": null,
            "netIncomeApplicableToCommonShares": null,
            "preferredStockAndOtherAdjustments": null
        },
        "2001-09-30": {
            "date": "2001-09-30",
            "filing_date": "2001-09-30",
            "currency_symbol": "EUR",
            "researchDevelopment": null,
            "effectOfAccountingCharges": null,
            "incomeBeforeTax": "1038654717.00",
            "minorityInterest": null,
            "netIncome": "791418648.00",
            "sellingGeneralAdministrative": "1383242505.00",
            "sellingAndMarketingExpenses": "110224447.00",
            "grossProfit": "4612656147.00",
            "reconciledDepreciation": null,
            "ebit": null,
            "ebitda": "5442470145.00",
            "depreciationAndAmortization": null,
            "nonOperatingIncomeNetOther": null,
            "operatingIncome": "5442470145.00",
            "otherOperatingExpenses": "829813998.00",
            "interestExpense": "4403815428.00",
            "taxProvision": null,
            "interestIncome": null,
            "netInterestIncome": null,
            "extraordinaryItems": null,
            "nonRecurring": null,
            "otherItems": null,
            "incomeTaxExpense": "247236068.00",
            "totalRevenue": "4612656147.00",
            "totalOperatingExpenses": "829813998.00",
            "costOfRevenue": null,
            "totalOtherIncomeExpenseNet": "-6527029581.00",
            "discontinuedOperations": null,
            "netIncomeFromContinuingOps": null,
            "netIncomeApplicableToCommonShares": null,
            "preferredStockAndOtherAdjustments": null
        },
        "2001-06-30": {
            "date": "2001-06-30",
            "filing_date": "2001-06-30",
            "currency_symbol": "EUR",
            "researchDevelopment": null,
            "effectOfAccountingCharges": null,
            "incomeBeforeTax": "1103311939.00",
            "minorityInterest": null,
            "netIncome": "845396512.00",
            "sellingGeneralAdministrative": "1359129487.00",
            "sellingAndMarketingExpenses": "94271545.00",
            "grossProfit": "5084368630.00",
            "reconciledDepreciation": null,
            "ebit": null,
            "ebitda": "5795162103.00",
            "depreciationAndAmortization": null,
            "nonOperatingIncomeNetOther": null,
            "operatingIncome": "5795162103.00",
            "otherOperatingExpenses": "710793472.00",
            "interestExpense": "4691850164.00",
            "taxProvision": null,
            "interestIncome": null,
            "netInterestIncome": null,
            "extraordinaryItems": null,
            "nonRecurring": null,
            "otherItems": null,
            "incomeTaxExpense": "257915426.00",
            "totalRevenue": "5084368630.00",
            "totalOperatingExpenses": "710793472.00",
            "costOfRevenue": null,
            "totalOtherIncomeExpenseNet": "-7643838377.00",
            "discontinuedOperations": null,
            "netIncomeFromContinuingOps": null,
            "netIncomeApplicableToCommonShares": null,
            "preferredStockAndOtherAdjustments": null
        },
        "2001-03-31": {
            "date": "2001-03-31",
            "filing_date": "2001-03-31",
            "currency_symbol": "EUR",
            "researchDevelopment": null,
            "effectOfAccountingCharges": null,
            "incomeBeforeTax": "1048696323.00",
            "minorityInterest": null,
            "netIncome": "797053041.00",
            "sellingGeneralAdministrative": "1325553019.00",
            "sellingAndMarketingExpenses": "83147077.00",
            "grossProfit": "4307348971.00",
            "reconciledDepreciation": null,
            "ebit": null,
            "ebitda": "7070718462.00",
            "depreciationAndAmortization": null,
            "nonOperatingIncomeNetOther": null,
            "operatingIncome": "7070718462.00",
            "otherOperatingExpenses": "2763369491.00",
            "interestExpense": "6022022139.00",
            "taxProvision": null,
            "interestIncome": null,
            "netInterestIncome": null,
            "extraordinaryItems": null,
            "nonRecurring": null,
            "otherItems": null,
            "incomeTaxExpense": "251643282.00",
            "totalRevenue": "4307348971.00",
            "totalOperatingExpenses": "2763369491.00",
            "costOfRevenue": null,
            "totalOtherIncomeExpenseNet": "-495283157.00",
            "discontinuedOperations": null,
            "netIncomeFromContinuingOps": null,
            "netIncomeApplicableToCommonShares": null,
            "preferredStockAndOtherAdjustments": null
        },
        "2000-12-31": {
            "date": "2000-12-31",
            "filing_date": "2000-12-31",
            "currency_symbol": "EUR",
            "researchDevelopment": null,
            "effectOfAccountingCharges": null,
            "incomeBeforeTax": "119708692.00",
            "minorityInterest": null,
            "netIncome": "289978724.00",
            "sellingGeneralAdministrative": "1308602953.00",
            "sellingAndMarketingExpenses": "109659030.00",
            "grossProfit": "4826300211.00",
            "reconciledDepreciation": null,
            "ebit": null,
            "ebitda": "5734157464.00",
            "depreciationAndAmortization": null,
            "nonOperatingIncomeNetOther": null,
            "operatingIncome": "5734157464.00",
            "otherOperatingExpenses": "907857253.00",
            "interestExpense": "5614448772.00",
            "taxProvision": null,
            "interestIncome": null,
            "netInterestIncome": null,
            "extraordinaryItems": null,
            "nonRecurring": null,
            "otherItems": null,
            "incomeTaxExpense": "-170270032.38",
            "totalRevenue": "4826300211.00",
            "totalOperatingExpenses": "907857253.00",
            "costOfRevenue": null,
            "totalOtherIncomeExpenseNet": "-7717177224.00",
            "discontinuedOperations": null,
            "netIncomeFromContinuingOps": null,
            "netIncomeApplicableToCommonShares": null,
            "preferredStockAndOtherAdjustments": null
        },
        "2000-09-30": {
            "date": "2000-09-30",
            "filing_date": "2000-09-30",
            "currency_symbol": "EUR",
            "researchDevelopment": null,
            "effectOfAccountingCharges": null,
            "incomeBeforeTax": "932530577.00",
            "minorityInterest": null,
            "netIncome": "731415892.00",
            "sellingGeneralAdministrative": "1135444380.00",
            "sellingAndMarketingExpenses": "71686990.00",
            "grossProfit": "3758133914.00",
            "reconciledDepreciation": null,
            "ebit": null,
            "ebitda": "8380260724.00",
            "depreciationAndAmortization": null,
            "nonOperatingIncomeNetOther": null,
            "operatingIncome": "8380260724.00",
            "otherOperatingExpenses": "4622126809.00",
            "interestExpense": "7447730146.00",
            "taxProvision": null,
            "interestIncome": null,
            "netInterestIncome": null,
            "extraordinaryItems": null,
            "nonRecurring": null,
            "otherItems": null,
            "incomeTaxExpense": "201114684.00",
            "totalRevenue": "3758133914.00",
            "totalOperatingExpenses": "4622126809.00",
            "costOfRevenue": null,
            "totalOtherIncomeExpenseNet": "-6583737251.94",
            "discontinuedOperations": null,
            "netIncomeFromContinuingOps": null,
            "netIncomeApplicableToCommonShares": null,
            "preferredStockAndOtherAdjustments": null
        },
        "2000-06-30": {
            "date": "2000-06-30",
            "filing_date": "2000-06-30",
            "currency_symbol": "EUR",
            "researchDevelopment": null,
            "effectOfAccountingCharges": null,
            "incomeBeforeTax": "855375739.00",
            "minorityInterest": null,
            "netIncome": "663745521.00",
            "sellingGeneralAdministrative": "1067442608.00",
            "sellingAndMarketingExpenses": "63014845.00",
            "grossProfit": "3566754670.00",
            "reconciledDepreciation": null,
            "ebit": null,
            "ebitda": "5920616606.00",
            "depreciationAndAmortization": null,
            "nonOperatingIncomeNetOther": null,
            "operatingIncome": "5920616606.00",
            "otherOperatingExpenses": "2353861935.00",
            "interestExpense": "5065240866.00",
            "taxProvision": null,
            "interestIncome": null,
            "netInterestIncome": null,
            "extraordinaryItems": null,
            "nonRecurring": null,
            "otherItems": null,
            "incomeTaxExpense": "191630217.00",
            "totalRevenue": "3566754670.00",
            "totalOperatingExpenses": "2353861935.00",
            "costOfRevenue": null,
            "totalOtherIncomeExpenseNet": "-357516996.00",
            "discontinuedOperations": null,
            "netIncomeFromContinuingOps": null,
            "netIncomeApplicableToCommonShares": null,
            "preferredStockAndOtherAdjustments": null
        },
        "2000-03-31": {
            "date": "2000-03-31",
            "filing_date": "2000-03-31",
            "currency_symbol": "EUR",
            "researchDevelopment": null,
            "effectOfAccountingCharges": null,
            "incomeBeforeTax": "751419178.00",
            "minorityInterest": null,
            "netIncome": "579891895.00",
            "sellingGeneralAdministrative": "952650918.00",
            "sellingAndMarketingExpenses": "52308722.00",
            "grossProfit": "3002975167.00",
            "reconciledDepreciation": null,
            "ebit": null,
            "ebitda": "3981829622.00",
            "depreciationAndAmortization": null,
            "nonOperatingIncomeNetOther": null,
            "operatingIncome": "3981829622.00",
            "otherOperatingExpenses": "978854455.00",
            "interestExpense": "3230410444.00",
            "taxProvision": null,
            "interestIncome": null,
            "netInterestIncome": null,
            "extraordinaryItems": null,
            "nonRecurring": null,
            "otherItems": null,
            "incomeTaxExpense": "171527283.00",
            "totalRevenue": "3002975167.00",
            "totalOperatingExpenses": "978854455.00",
            "costOfRevenue": null,
            "totalOtherIncomeExpenseNet": "-1272701534.00",
            "discontinuedOperations": null,
            "netIncomeFromContinuingOps": null,
            "netIncomeApplicableToCommonShares": null,
            "preferredStockAndOtherAdjustments": null
        },
        "1999-12-31": {
            "date": "1999-12-31",
            "filing_date": "1999-12-31",
            "currency_symbol": "EUR",
            "researchDevelopment": null,
            "effectOfAccountingCharges": null,
            "incomeBeforeTax": "356134277.00",
            "minorityInterest": null,
            "netIncome": "95497558.00",
            "sellingGeneralAdministrative": "958052916.00",
            "sellingAndMarketingExpenses": "51913453.00",
            "grossProfit": "3757992902.00",
            "reconciledDepreciation": null,
            "ebit": null,
            "ebitda": "3947296375.00",
            "depreciationAndAmortization": null,
            "nonOperatingIncomeNetOther": null,
            "operatingIncome": "3947296375.00",
            "otherOperatingExpenses": "189303473.00",
            "interestExpense": "3742118799.00",
            "taxProvision": null,
            "interestIncome": null,
            "netInterestIncome": null,
            "extraordinaryItems": null,
            "nonRecurring": null,
            "otherItems": null,
            "incomeTaxExpense": "109680018.00",
            "totalRevenue": "3757992902.00",
            "totalOperatingExpenses": "189303473.00",
            "costOfRevenue": null,
            "totalOtherIncomeExpenseNet": "734741223.00",
            "discontinuedOperations": null,
            "netIncomeFromContinuingOps": null,
            "netIncomeApplicableToCommonShares": null,
            "preferredStockAndOtherAdjustments": null
        },
        "1999-09-30": {
            "date": "1999-09-30",
            "filing_date": "1999-09-30",
            "currency_symbol": "EUR",
            "researchDevelopment": null,
            "effectOfAccountingCharges": null,
            "incomeBeforeTax": "651890160.00",
            "minorityInterest": null,
            "netIncome": "504022392.00",
            "sellingGeneralAdministrative": "948560976.00",
            "sellingAndMarketingExpenses": "54246240.00",
            "grossProfit": "3234198240.00",
            "reconciledDepreciation": null,
            "ebit": null,
            "ebitda": "3599518608.00",
            "depreciationAndAmortization": null,
            "nonOperatingIncomeNetOther": null,
            "operatingIncome": "3599518608.00",
            "otherOperatingExpenses": "365320368.00",
            "interestExpense": "2947628448.00",
            "taxProvision": null,
            "interestIncome": null,
            "netInterestIncome": null,
            "extraordinaryItems": null,
            "nonRecurring": null,
            "otherItems": null,
            "incomeTaxExpense": "147867768.00",
            "totalRevenue": "3234198240.00",
            "totalOperatingExpenses": "365320368.00",
            "costOfRevenue": null,
            "totalOtherIncomeExpenseNet": "-2216987712.00",
            "discontinuedOperations": null,
            "netIncomeFromContinuingOps": null,
            "netIncomeApplicableToCommonShares": null,
            "preferredStockAndOtherAdjustments": null
        },
        "1999-06-30": {
            "date": "1999-06-30",
            "filing_date": "1999-06-30",
            "currency_symbol": "EUR",
            "researchDevelopment": null,
            "effectOfAccountingCharges": null,
            "incomeBeforeTax": "682215170.00",
            "minorityInterest": null,
            "netIncome": "527864350.00",
            "sellingGeneralAdministrative": "962036400.00",
            "sellingAndMarketingExpenses": "50323390.00",
            "grossProfit": "3275560080.00",
            "reconciledDepreciation": null,
            "ebit": null,
            "ebitda": "3953911650.00",
            "depreciationAndAmortization": null,
            "nonOperatingIncomeNetOther": null,
            "operatingIncome": "3953911650.00",
            "otherOperatingExpenses": "678351570.00",
            "interestExpense": "3271696480.00",
            "taxProvision": null,
            "interestIncome": null,
            "netInterestIncome": null,
            "extraordinaryItems": null,
            "nonRecurring": null,
            "otherItems": null,
            "incomeTaxExpense": "154350820.00",
            "totalRevenue": "3275560080.00",
            "totalOperatingExpenses": "678351570.00",
            "costOfRevenue": null,
            "totalOtherIncomeExpenseNet": "-1914993340.00",
            "discontinuedOperations": null,
            "netIncomeFromContinuingOps": null,
            "netIncomeApplicableToCommonShares": null,
            "preferredStockAndOtherAdjustments": null
        },
        "1999-03-31": {
            "date": "1999-03-31",
            "filing_date": "1999-03-31",
            "currency_symbol": "EUR",
            "researchDevelopment": null,
            "effectOfAccountingCharges": null,
            "incomeBeforeTax": "585325094.00",
            "minorityInterest": null,
            "netIncome": "452300886.00",
            "sellingGeneralAdministrative": "917235356.00",
            "sellingAndMarketingExpenses": "47097258.00",
            "grossProfit": "2588026840.00",
            "reconciledDepreciation": null,
            "ebit": null,
            "ebitda": "3934804052.00",
            "depreciationAndAmortization": null,
            "nonOperatingIncomeNetOther": null,
            "operatingIncome": "3934804052.00",
            "otherOperatingExpenses": "1346777212.00",
            "interestExpense": "3349478958.00",
            "taxProvision": null,
            "interestIncome": null,
            "netInterestIncome": null,
            "extraordinaryItems": null,
            "nonRecurring": null,
            "otherItems": null,
            "incomeTaxExpense": "133024208.00",
            "totalRevenue": "2588026840.00",
            "totalOperatingExpenses": "1346777212.00",
            "costOfRevenue": null,
            "totalOtherIncomeExpenseNet": "-655924534.00",
            "discontinuedOperations": null,
            "netIncomeFromContinuingOps": null,
            "netIncomeApplicableToCommonShares": null,
            "preferredStockAndOtherAdjustments": null
        },
        "1998-12-31": {
            "date": "1998-12-31",
            "filing_date": "1998-12-31",
            "currency_symbol": "EUR",
            "researchDevelopment": null,
            "effectOfAccountingCharges": null,
            "incomeBeforeTax": null,
            "minorityInterest": null,
            "netIncome": "222877250.00",
            "sellingGeneralAdministrative": null,
            "sellingAndMarketingExpenses": null,
            "grossProfit": null,
            "reconciledDepreciation": null,
            "ebit": null,
            "ebitda": "222877250.00",
            "depreciationAndAmortization": null,
            "nonOperatingIncomeNetOther": null,
            "operatingIncome": "222877250.00",
            "otherOperatingExpenses": "222877250.00",
            "interestExpense": null,
            "taxProvision": null,
            "interestIncome": null,
            "netInterestIncome": null,
            "extraordinaryItems": null,
            "nonRecurring": null,
            "otherItems": null,
            "incomeTaxExpense": "-222877250.00",
            "totalRevenue": null,
            "totalOperatingExpenses": "222877250.00",
            "costOfRevenue": null,
            "totalOtherIncomeExpenseNet": null,
            "discontinuedOperations": null,
            "netIncomeFromContinuingOps": null,
            "netIncomeApplicableToCommonShares": null,
            "preferredStockAndOtherAdjustments": null
        },
        "1998-09-30": {
            "date": "1998-09-30",
            "filing_date": "1998-09-30",
            "currency_symbol": "EUR",
            "researchDevelopment": null,
            "effectOfAccountingCharges": null,
            "incomeBeforeTax": null,
            "minorityInterest": null,
            "netIncome": "282139550.00",
            "sellingGeneralAdministrative": null,
            "sellingAndMarketingExpenses": null,
            "grossProfit": null,
            "reconciledDepreciation": null,
            "ebit": null,
            "ebitda": "282139550.00",
            "depreciationAndAmortization": null,
            "nonOperatingIncomeNetOther": null,
            "operatingIncome": "282139550.00",
            "otherOperatingExpenses": "282139550.00",
            "interestExpense": null,
            "taxProvision": null,
            "interestIncome": null,
            "netInterestIncome": null,
            "extraordinaryItems": null,
            "nonRecurring": null,
            "otherItems": null,
            "incomeTaxExpense": "-282139550.00",
            "totalRevenue": null,
            "totalOperatingExpenses": "282139550.00",
            "costOfRevenue": null,
            "totalOtherIncomeExpenseNet": null,
            "discontinuedOperations": null,
            "netIncomeFromContinuingOps": null,
            "netIncomeApplicableToCommonShares": null,
            "preferredStockAndOtherAdjustments": null
        },
        "1998-06-30": {
            "date": "1998-06-30",
            "filing_date": "1998-06-30",
            "currency_symbol": "EUR",
            "researchDevelopment": null,
            "effectOfAccountingCharges": null,
            "incomeBeforeTax": null,
            "minorityInterest": null,
            "netIncome": "362114200.00",
            "sellingGeneralAdministrative": null,
            "sellingAndMarketingExpenses": null,
            "grossProfit": null,
            "reconciledDepreciation": null,
            "ebit": null,
            "ebitda": "362114200.00",
            "depreciationAndAmortization": null,
            "nonOperatingIncomeNetOther": null,
            "operatingIncome": "362114200.00",
            "otherOperatingExpenses": "362114200.00",
            "interestExpense": null,
            "taxProvision": null,
            "interestIncome": null,
            "netInterestIncome": null,
            "extraordinaryItems": null,
            "nonRecurring": null,
            "otherItems": null,
            "incomeTaxExpense": "-362114200.00",
            "totalRevenue": null,
            "totalOperatingExpenses": "362114200.00",
            "costOfRevenue": null,
            "totalOtherIncomeExpenseNet": null,
            "discontinuedOperations": null,
            "netIncomeFromContinuingOps": null,
            "netIncomeApplicableToCommonShares": null,
            "preferredStockAndOtherAdjustments": null
        },
        "1998-03-31": {
            "date": "1998-03-31",
            "filing_date": "1998-03-31",
            "currency_symbol": "EUR",
            "researchDevelopment": null,
            "effectOfAccountingCharges": null,
            "incomeBeforeTax": null,
            "minorityInterest": null,
            "netIncome": "314114933.00",
            "sellingGeneralAdministrative": null,
            "sellingAndMarketingExpenses": null,
            "grossProfit": null,
            "reconciledDepreciation": null,
            "ebit": null,
            "ebitda": "314114933.00",
            "depreciationAndAmortization": null,
            "nonOperatingIncomeNetOther": null,
            "operatingIncome": "314114933.00",
            "otherOperatingExpenses": "314114933.00",
            "interestExpense": null,
            "taxProvision": null,
            "interestIncome": null,
            "netInterestIncome": null,
            "extraordinaryItems": null,
            "nonRecurring": null,
            "otherItems": null,
            "incomeTaxExpense": "-314114933.00",
            "totalRevenue": null,
            "totalOperatingExpenses": "314114933.00",
            "costOfRevenue": null,
            "totalOtherIncomeExpenseNet": null,
            "discontinuedOperations": null,
            "netIncomeFromContinuingOps": null,
            "netIncomeApplicableToCommonShares": null,
            "preferredStockAndOtherAdjustments": null
        },
        "1997-12-31": {
            "date": "1997-12-31",
            "filing_date": "1997-12-31",
            "currency_symbol": "EUR",
            "researchDevelopment": null,
            "effectOfAccountingCharges": null,
            "incomeBeforeTax": null,
            "minorityInterest": null,
            "netIncome": "176573250.00",
            "sellingGeneralAdministrative": null,
            "sellingAndMarketingExpenses": null,
            "grossProfit": null,
            "reconciledDepreciation": null,
            "ebit": null,
            "ebitda": "176573250.00",
            "depreciationAndAmortization": null,
            "nonOperatingIncomeNetOther": null,
            "operatingIncome": "176573250.00",
            "otherOperatingExpenses": "176573250.00",
            "interestExpense": null,
            "taxProvision": null,
            "interestIncome": null,
            "netInterestIncome": null,
            "extraordinaryItems": null,
            "nonRecurring": null,
            "otherItems": null,
            "incomeTaxExpense": "-176573250.00",
            "totalRevenue": null,
            "totalOperatingExpenses": "176573250.00",
            "costOfRevenue": null,
            "totalOtherIncomeExpenseNet": null,
            "discontinuedOperations": null,
            "netIncomeFromContinuingOps": null,
            "netIncomeApplicableToCommonShares": null,
            "preferredStockAndOtherAdjustments": null
        },
        "1997-09-30": {
            "date": "1997-09-30",
            "filing_date": "1997-09-30",
            "currency_symbol": "EUR",
            "researchDevelopment": null,
            "effectOfAccountingCharges": null,
            "incomeBeforeTax": null,
            "minorityInterest": null,
            "netIncome": "311689728.00",
            "sellingGeneralAdministrative": null,
            "sellingAndMarketingExpenses": null,
            "grossProfit": null,
            "reconciledDepreciation": null,
            "ebit": null,
            "ebitda": "311689728.00",
            "depreciationAndAmortization": null,
            "nonOperatingIncomeNetOther": null,
            "operatingIncome": "311689728.00",
            "otherOperatingExpenses": "311689728.00",
            "interestExpense": null,
            "taxProvision": null,
            "interestIncome": null,
            "netInterestIncome": null,
            "extraordinaryItems": null,
            "nonRecurring": null,
            "otherItems": null,
            "incomeTaxExpense": "-311689728.00",
            "totalRevenue": null,
            "totalOperatingExpenses": "311689728.00",
            "costOfRevenue": null,
            "totalOtherIncomeExpenseNet": null,
            "discontinuedOperations": null,
            "netIncomeFromContinuingOps": null,
            "netIncomeApplicableToCommonShares": null,
            "preferredStockAndOtherAdjustments": null
        },
        "1997-06-30": {
            "date": "1997-06-30",
            "filing_date": "1997-06-30",
            "currency_symbol": "EUR",
            "researchDevelopment": null,
            "effectOfAccountingCharges": null,
            "incomeBeforeTax": null,
            "minorityInterest": null,
            "netIncome": "277054291.00",
            "sellingGeneralAdministrative": null,
            "sellingAndMarketingExpenses": null,
            "grossProfit": null,
            "reconciledDepreciation": null,
            "ebit": null,
            "ebitda": "277054291.00",
            "depreciationAndAmortization": null,
            "nonOperatingIncomeNetOther": null,
            "operatingIncome": "277054291.00",
            "otherOperatingExpenses": "277054291.00",
            "interestExpense": null,
            "taxProvision": null,
            "interestIncome": null,
            "netInterestIncome": null,
            "extraordinaryItems": null,
            "nonRecurring": null,
            "otherItems": null,
            "incomeTaxExpense": "-277054291.00",
            "totalRevenue": null,
            "totalOperatingExpenses": "277054291.00",
            "costOfRevenue": null,
            "totalOtherIncomeExpenseNet": null,
            "discontinuedOperations": null,
            "netIncomeFromContinuingOps": null,
            "netIncomeApplicableToCommonShares": null,
            "preferredStockAndOtherAdjustments": null
        },
        "1997-03-31": {
            "date": "1997-03-31",
            "filing_date": "1997-03-31",
            "currency_symbol": "EUR",
            "researchDevelopment": null,
            "effectOfAccountingCharges": null,
            "incomeBeforeTax": null,
            "minorityInterest": null,
            "netIncome": "219655436.00",
            "sellingGeneralAdministrative": null,
            "sellingAndMarketingExpenses": null,
            "grossProfit": null,
            "reconciledDepreciation": null,
            "ebit": null,
            "ebitda": "219655436.00",
            "depreciationAndAmortization": null,
            "nonOperatingIncomeNetOther": null,
            "operatingIncome": "219655436.00",
            "otherOperatingExpenses": "219655436.00",
            "interestExpense": null,
            "taxProvision": null,
            "interestIncome": null,
            "netInterestIncome": null,
            "extraordinaryItems": null,
            "nonRecurring": null,
            "otherItems": null,
            "incomeTaxExpense": "-219655436.00",
            "totalRevenue": null,
            "totalOperatingExpenses": "219655436.00",
            "costOfRevenue": null,
            "totalOtherIncomeExpenseNet": null,
            "discontinuedOperations": null,
            "netIncomeFromContinuingOps": null,
            "netIncomeApplicableToCommonShares": null,
            "preferredStockAndOtherAdjustments": null
        },
        "1996-12-31": {
            "date": "1996-12-31",
            "filing_date": "1996-12-31",
            "currency_symbol": "EUR",
            "researchDevelopment": null,
            "effectOfAccountingCharges": null,
            "incomeBeforeTax": null,
            "minorityInterest": null,
            "netIncome": "124177692.00",
            "sellingGeneralAdministrative": null,
            "sellingAndMarketingExpenses": null,
            "grossProfit": null,
            "reconciledDepreciation": null,
            "ebit": null,
            "ebitda": "124177692.00",
            "depreciationAndAmortization": null,
            "nonOperatingIncomeNetOther": null,
            "operatingIncome": "124177692.00",
            "otherOperatingExpenses": "124177692.00",
            "interestExpense": null,
            "taxProvision": null,
            "interestIncome": null,
            "netInterestIncome": null,
            "extraordinaryItems": null,
            "nonRecurring": null,
            "otherItems": null,
            "incomeTaxExpense": "-124177692.00",
            "totalRevenue": null,
            "totalOperatingExpenses": "124177692.00",
            "costOfRevenue": null,
            "totalOtherIncomeExpenseNet": null,
            "discontinuedOperations": null,
            "netIncomeFromContinuingOps": null,
            "netIncomeApplicableToCommonShares": null,
            "preferredStockAndOtherAdjustments": null
        },
        "1996-09-30": {
            "date": "1996-09-30",
            "filing_date": "1996-09-30",
            "currency_symbol": "EUR",
            "researchDevelopment": null,
            "effectOfAccountingCharges": null,
            "incomeBeforeTax": null,
            "minorityInterest": null,
            "netIncome": "221448850.00",
            "sellingGeneralAdministrative": null,
            "sellingAndMarketingExpenses": null,
            "grossProfit": null,
            "reconciledDepreciation": null,
            "ebit": null,
            "ebitda": "221448850.00",
            "depreciationAndAmortization": null,
            "nonOperatingIncomeNetOther": null,
            "operatingIncome": "221448850.00",
            "otherOperatingExpenses": "221448850.00",
            "interestExpense": null,
            "taxProvision": null,
            "interestIncome": null,
            "netInterestIncome": null,
            "extraordinaryItems": null,
            "nonRecurring": null,
            "otherItems": null,
            "incomeTaxExpense": "-221448850.00",
            "totalRevenue": null,
            "totalOperatingExpenses": "221448850.00",
            "costOfRevenue": null,
            "totalOtherIncomeExpenseNet": null,
            "discontinuedOperations": null,
            "netIncomeFromContinuingOps": null,
            "netIncomeApplicableToCommonShares": null,
            "preferredStockAndOtherAdjustments": null
        },
        "1996-06-30": {
            "date": "1996-06-30",
            "filing_date": "1996-06-30",
            "currency_symbol": "EUR",
            "researchDevelopment": null,
            "effectOfAccountingCharges": null,
            "incomeBeforeTax": null,
            "minorityInterest": null,
            "netIncome": "197319996.00",
            "sellingGeneralAdministrative": null,
            "sellingAndMarketingExpenses": null,
            "grossProfit": null,
            "reconciledDepreciation": null,
            "ebit": null,
            "ebitda": "197319996.00",
            "depreciationAndAmortization": null,
            "nonOperatingIncomeNetOther": null,
            "operatingIncome": "197319996.00",
            "otherOperatingExpenses": "197319996.00",
            "interestExpense": null,
            "taxProvision": null,
            "interestIncome": null,
            "netInterestIncome": null,
            "extraordinaryItems": null,
            "nonRecurring": null,
            "otherItems": null,
            "incomeTaxExpense": "-197319996.00",
            "totalRevenue": null,
            "totalOperatingExpenses": "197319996.00",
            "costOfRevenue": null,
            "totalOtherIncomeExpenseNet": null,
            "discontinuedOperations": null,
            "netIncomeFromContinuingOps": null,
            "netIncomeApplicableToCommonShares": null,
            "preferredStockAndOtherAdjustments": null
        },
        "1996-03-31": {
            "date": "1996-03-31",
            "filing_date": "1996-03-31",
            "currency_symbol": "EUR",
            "researchDevelopment": null,
            "effectOfAccountingCharges": null,
            "incomeBeforeTax": null,
            "minorityInterest": null,
            "netIncome": "195719187.00",
            "sellingGeneralAdministrative": null,
            "sellingAndMarketingExpenses": null,
            "grossProfit": null,
            "reconciledDepreciation": null,
            "ebit": null,
            "ebitda": "195719187.00",
            "depreciationAndAmortization": null,
            "nonOperatingIncomeNetOther": null,
            "operatingIncome": "195719187.00",
            "otherOperatingExpenses": "195719187.00",
            "interestExpense": null,
            "taxProvision": null,
            "interestIncome": null,
            "netInterestIncome": null,
            "extraordinaryItems": null,
            "nonRecurring": null,
            "otherItems": null,
            "incomeTaxExpense": "-195719187.00",
            "totalRevenue": null,
            "totalOperatingExpenses": "195719187.00",
            "costOfRevenue": null,
            "totalOtherIncomeExpenseNet": null,
            "discontinuedOperations": null,
            "netIncomeFromContinuingOps": null,
            "netIncomeApplicableToCommonShares": null,
            "preferredStockAndOtherAdjustments": null
        },
        "1995-12-31": {
            "date": "1995-12-31",
            "filing_date": "1995-12-31",
            "currency_symbol": "EUR",
            "researchDevelopment": null,
            "effectOfAccountingCharges": null,
            "incomeBeforeTax": null,
            "minorityInterest": null,
            "netIncome": "161201007.00",
            "sellingGeneralAdministrative": null,
            "sellingAndMarketingExpenses": null,
            "grossProfit": null,
            "reconciledDepreciation": null,
            "ebit": null,
            "ebitda": "161201007.00",
            "depreciationAndAmortization": null,
            "nonOperatingIncomeNetOther": null,
            "operatingIncome": "161201007.00",
            "otherOperatingExpenses": "161201007.00",
            "interestExpense": null,
            "taxProvision": null,
            "interestIncome": null,
            "netInterestIncome": null,
            "extraordinaryItems": null,
            "nonRecurring": null,
            "otherItems": null,
            "incomeTaxExpense": "-161201007.00",
            "totalRevenue": null,
            "totalOperatingExpenses": "161201007.00",
            "costOfRevenue": null,
            "totalOtherIncomeExpenseNet": null,
            "discontinuedOperations": null,
            "netIncomeFromContinuingOps": null,
            "netIncomeApplicableToCommonShares": null,
            "preferredStockAndOtherAdjustments": null
        },
        "1995-09-30": {
            "date": "1995-09-30",
            "filing_date": "1995-09-30",
            "currency_symbol": "EUR",
            "researchDevelopment": null,
            "effectOfAccountingCharges": null,
            "incomeBeforeTax": null,
            "minorityInterest": null,
            "netIncome": "151991450.00",
            "sellingGeneralAdministrative": null,
            "sellingAndMarketingExpenses": null,
            "grossProfit": null,
            "reconciledDepreciation": null,
            "ebit": null,
            "ebitda": "151991450.00",
            "depreciationAndAmortization": null,
            "nonOperatingIncomeNetOther": null,
            "operatingIncome": "151991450.00",
            "otherOperatingExpenses": "151991450.00",
            "interestExpense": null,
            "taxProvision": null,
            "interestIncome": null,
            "netInterestIncome": null,
            "extraordinaryItems": null,
            "nonRecurring": null,
            "otherItems": null,
            "incomeTaxExpense": "-151991450.00",
            "totalRevenue": null,
            "totalOperatingExpenses": "151991450.00",
            "costOfRevenue": null,
            "totalOtherIncomeExpenseNet": null,
            "discontinuedOperations": null,
            "netIncomeFromContinuingOps": null,
            "netIncomeApplicableToCommonShares": null,
            "preferredStockAndOtherAdjustments": null
        },
        "1995-06-30": {
            "date": "1995-06-30",
            "filing_date": "1995-06-30",
            "currency_symbol": "EUR",
            "researchDevelopment": null,
            "effectOfAccountingCharges": null,
            "incomeBeforeTax": null,
            "minorityInterest": null,
            "netIncome": "166616608.00",
            "sellingGeneralAdministrative": null,
            "sellingAndMarketingExpenses": null,
            "grossProfit": null,
            "reconciledDepreciation": null,
            "ebit": null,
            "ebitda": "166616608.00",
            "depreciationAndAmortization": null,
            "nonOperatingIncomeNetOther": null,
            "operatingIncome": "166616608.00",
            "otherOperatingExpenses": "166616608.00",
            "interestExpense": null,
            "taxProvision": null,
            "interestIncome": null,
            "netInterestIncome": null,
            "extraordinaryItems": null,
            "nonRecurring": null,
            "otherItems": null,
            "incomeTaxExpense": "-166616608.00",
            "totalRevenue": null,
            "totalOperatingExpenses": "166616608.00",
            "costOfRevenue": null,
            "totalOtherIncomeExpenseNet": null,
            "discontinuedOperations": null,
            "netIncomeFromContinuingOps": null,
            "netIncomeApplicableToCommonShares": null,
            "preferredStockAndOtherAdjustments": null
        },
        "1995-03-31": {
            "date": "1995-03-31",
            "filing_date": "1995-03-31",
            "currency_symbol": "EUR",
            "researchDevelopment": null,
            "effectOfAccountingCharges": null,
            "incomeBeforeTax": null,
            "minorityInterest": null,
            "netIncome": "167423232.00",
            "sellingGeneralAdministrative": null,
            "sellingAndMarketingExpenses": null,
            "grossProfit": null,
            "reconciledDepreciation": null,
            "ebit": null,
            "ebitda": "167423232.00",
            "depreciationAndAmortization": null,
            "nonOperatingIncomeNetOther": null,
            "operatingIncome": "167423232.00",
            "otherOperatingExpenses": "167423232.00",
            "interestExpense": null,
            "taxProvision": null,
            "interestIncome": null,
            "netInterestIncome": null,
            "extraordinaryItems": null,
            "nonRecurring": null,
            "otherItems": null,
            "incomeTaxExpense": "-167423232.00",
            "totalRevenue": null,
            "totalOperatingExpenses": "167423232.00",
            "costOfRevenue": null,
            "totalOtherIncomeExpenseNet": null,
            "discontinuedOperations": null,
            "netIncomeFromContinuingOps": null,
            "netIncomeApplicableToCommonShares": null,
            "preferredStockAndOtherAdjustments": null
        },
        "1994-12-31": {
            "date": "1994-12-31",
            "filing_date": "1994-12-31",
            "currency_symbol": "EUR",
            "researchDevelopment": null,
            "effectOfAccountingCharges": null,
            "incomeBeforeTax": null,
            "minorityInterest": null,
            "netIncome": "153214314.00",
            "sellingGeneralAdministrative": null,
            "sellingAndMarketingExpenses": null,
            "grossProfit": null,
            "reconciledDepreciation": null,
            "ebit": null,
            "ebitda": "153214314.00",
            "depreciationAndAmortization": null,
            "nonOperatingIncomeNetOther": null,
            "operatingIncome": "153214314.00",
            "otherOperatingExpenses": "153214314.00",
            "interestExpense": null,
            "taxProvision": null,
            "interestIncome": null,
            "netInterestIncome": null,
            "extraordinaryItems": null,
            "nonRecurring": null,
            "otherItems": null,
            "incomeTaxExpense": "-153214314.00",
            "totalRevenue": null,
            "totalOperatingExpenses": "153214314.00",
            "costOfRevenue": null,
            "totalOtherIncomeExpenseNet": null,
            "discontinuedOperations": null,
            "netIncomeFromContinuingOps": null,
            "netIncomeApplicableToCommonShares": null,
            "preferredStockAndOtherAdjustments": null
        },
        "1994-09-30": {
            "date": "1994-09-30",
            "filing_date": "1994-09-30",
            "currency_symbol": "EUR",
            "researchDevelopment": null,
            "effectOfAccountingCharges": null,
            "incomeBeforeTax": null,
            "minorityInterest": null,
            "netIncome": "150004056.00",
            "sellingGeneralAdministrative": null,
            "sellingAndMarketingExpenses": null,
            "grossProfit": null,
            "reconciledDepreciation": null,
            "ebit": null,
            "ebitda": "150004056.00",
            "depreciationAndAmortization": null,
            "nonOperatingIncomeNetOther": null,
            "operatingIncome": "150004056.00",
            "otherOperatingExpenses": "150004056.00",
            "interestExpense": null,
            "taxProvision": null,
            "interestIncome": null,
            "netInterestIncome": null,
            "extraordinaryItems": null,
            "nonRecurring": null,
            "otherItems": null,
            "incomeTaxExpense": "-150004056.00",
            "totalRevenue": null,
            "totalOperatingExpenses": "150004056.00",
            "costOfRevenue": null,
            "totalOtherIncomeExpenseNet": null,
            "discontinuedOperations": null,
            "netIncomeFromContinuingOps": null,
            "netIncomeApplicableToCommonShares": null,
            "preferredStockAndOtherAdjustments": null
        },
        "1994-06-30": {
            "date": "1994-06-30",
            "filing_date": "1994-06-30",
            "currency_symbol": "EUR",
            "researchDevelopment": null,
            "effectOfAccountingCharges": null,
            "incomeBeforeTax": null,
            "minorityInterest": null,
            "netIncome": "175310579.00",
            "sellingGeneralAdministrative": null,
            "sellingAndMarketingExpenses": null,
            "grossProfit": null,
            "reconciledDepreciation": null,
            "ebit": null,
            "ebitda": "175310579.00",
            "depreciationAndAmortization": null,
            "nonOperatingIncomeNetOther": null,
            "operatingIncome": "175310579.00",
            "otherOperatingExpenses": "175310579.00",
            "interestExpense": null,
            "taxProvision": null,
            "interestIncome": null,
            "netInterestIncome": null,
            "extraordinaryItems": null,
            "nonRecurring": null,
            "otherItems": null,
            "incomeTaxExpense": "-175310579.00",
            "totalRevenue": null,
            "totalOperatingExpenses": "175310579.00",
            "costOfRevenue": null,
            "totalOtherIncomeExpenseNet": null,
            "discontinuedOperations": null,
            "netIncomeFromContinuingOps": null,
            "netIncomeApplicableToCommonShares": null,
            "preferredStockAndOtherAdjustments": null
        },
        "1994-03-31": {
            "date": "1994-03-31",
            "filing_date": "1994-03-31",
            "currency_symbol": "EUR",
            "researchDevelopment": null,
            "effectOfAccountingCharges": null,
            "incomeBeforeTax": null,
            "minorityInterest": null,
            "netIncome": "155404288.00",
            "sellingGeneralAdministrative": null,
            "sellingAndMarketingExpenses": null,
            "grossProfit": null,
            "reconciledDepreciation": null,
            "ebit": null,
            "ebitda": "155404288.00",
            "depreciationAndAmortization": null,
            "nonOperatingIncomeNetOther": null,
            "operatingIncome": "155404288.00",
            "otherOperatingExpenses": "155404288.00",
            "interestExpense": null,
            "taxProvision": null,
            "interestIncome": null,
            "netInterestIncome": null,
            "extraordinaryItems": null,
            "nonRecurring": null,
            "otherItems": null,
            "incomeTaxExpense": "-155404288.00",
            "totalRevenue": null,
            "totalOperatingExpenses": "155404288.00",
            "costOfRevenue": null,
            "totalOtherIncomeExpenseNet": null,
            "discontinuedOperations": null,
            "netIncomeFromContinuingOps": null,
            "netIncomeApplicableToCommonShares": null,
            "preferredStockAndOtherAdjustments": null
        },
        "1993-12-31": {
            "date": "1993-12-31",
            "filing_date": "1993-12-31",
            "currency_symbol": "EUR",
            "researchDevelopment": null,
            "effectOfAccountingCharges": null,
            "incomeBeforeTax": null,
            "minorityInterest": null,
            "netIncome": "-21370713.00",
            "sellingGeneralAdministrative": null,
            "sellingAndMarketingExpenses": null,
            "grossProfit": null,
            "reconciledDepreciation": null,
            "ebit": null,
            "ebitda": "-21370713.00",
            "depreciationAndAmortization": null,
            "nonOperatingIncomeNetOther": null,
            "operatingIncome": "-21370713.00",
            "otherOperatingExpenses": "21370713.00",
            "interestExpense": null,
            "taxProvision": null,
            "interestIncome": null,
            "netInterestIncome": null,
            "extraordinaryItems": null,
            "nonRecurring": null,
            "otherItems": null,
            "incomeTaxExpense": "21370713.00",
            "totalRevenue": null,
            "totalOperatingExpenses": "-21370713.00",
            "costOfRevenue": null,
            "totalOtherIncomeExpenseNet": null,
            "discontinuedOperations": null,
            "netIncomeFromContinuingOps": null,
            "netIncomeApplicableToCommonShares": null,
            "preferredStockAndOtherAdjustments": null
        },
        "1993-09-30": {
            "date": "1993-09-30",
            "filing_date": "1993-09-30",
            "currency_symbol": "EUR",
            "researchDevelopment": null,
            "effectOfAccountingCharges": null,
            "incomeBeforeTax": null,
            "minorityInterest": null,
            "netIncome": "135989800.00",
            "sellingGeneralAdministrative": null,
            "sellingAndMarketingExpenses": null,
            "grossProfit": null,
            "reconciledDepreciation": null,
            "ebit": null,
            "ebitda": "135989800.00",
            "depreciationAndAmortization": null,
            "nonOperatingIncomeNetOther": null,
            "operatingIncome": "135989800.00",
            "otherOperatingExpenses": "135989800.00",
            "interestExpense": null,
            "taxProvision": null,
            "interestIncome": null,
            "netInterestIncome": null,
            "extraordinaryItems": null,
            "nonRecurring": null,
            "otherItems": null,
            "incomeTaxExpense": "-135989800.00",
            "totalRevenue": null,
            "totalOperatingExpenses": "135989800.00",
            "costOfRevenue": null,
            "totalOtherIncomeExpenseNet": null,
            "discontinuedOperations": null,
            "netIncomeFromContinuingOps": null,
            "netIncomeApplicableToCommonShares": null,
            "preferredStockAndOtherAdjustments": null
        },
        "1993-06-30": {
            "date": "1993-06-30",
            "filing_date": "1993-06-30",
            "currency_symbol": "EUR",
            "researchDevelopment": null,
            "effectOfAccountingCharges": null,
            "incomeBeforeTax": null,
            "minorityInterest": null,
            "netIncome": "137972918.00",
            "sellingGeneralAdministrative": null,
            "sellingAndMarketingExpenses": null,
            "grossProfit": null,
            "reconciledDepreciation": null,
            "ebit": null,
            "ebitda": "137972918.00",
            "depreciationAndAmortization": null,
            "nonOperatingIncomeNetOther": null,
            "operatingIncome": "137972918.00",
            "otherOperatingExpenses": "137972918.00",
            "interestExpense": null,
            "taxProvision": null,
            "interestIncome": null,
            "netInterestIncome": null,
            "extraordinaryItems": null,
            "nonRecurring": null,
            "otherItems": null,
            "incomeTaxExpense": "-137972918.00",
            "totalRevenue": null,
            "totalOperatingExpenses": "137972918.00",
            "costOfRevenue": null,
            "totalOtherIncomeExpenseNet": null,
            "discontinuedOperations": null,
            "netIncomeFromContinuingOps": null,
            "netIncomeApplicableToCommonShares": null,
            "preferredStockAndOtherAdjustments": null
        },
        "1993-03-31": {
            "date": "1993-03-31",
            "filing_date": "1993-03-31",
            "currency_symbol": "EUR",
            "researchDevelopment": null,
            "effectOfAccountingCharges": null,
            "incomeBeforeTax": null,
            "minorityInterest": null,
            "netIncome": "162375088.00",
            "sellingGeneralAdministrative": null,
            "sellingAndMarketingExpenses": null,
            "grossProfit": null,
            "reconciledDepreciation": null,
            "ebit": null,
            "ebitda": "162375088.00",
            "depreciationAndAmortization": null,
            "nonOperatingIncomeNetOther": null,
            "operatingIncome": "162375088.00",
            "otherOperatingExpenses": "162375088.00",
            "interestExpense": null,
            "taxProvision": null,
            "interestIncome": null,
            "netInterestIncome": null,
            "extraordinaryItems": null,
            "nonRecurring": null,
            "otherItems": null,
            "incomeTaxExpense": "-162375088.00",
            "totalRevenue": null,
            "totalOperatingExpenses": "162375088.00",
            "costOfRevenue": null,
            "totalOtherIncomeExpenseNet": null,
            "discontinuedOperations": null,
            "netIncomeFromContinuingOps": null,
            "netIncomeApplicableToCommonShares": null,
            "preferredStockAndOtherAdjustments": null
        },
        "1992-12-31": {
            "date": "1992-12-31",
            "filing_date": "1992-12-31",
            "currency_symbol": "EUR",
            "researchDevelopment": null,
            "effectOfAccountingCharges": null,
            "incomeBeforeTax": null,
            "minorityInterest": null,
            "netIncome": "-23268366.00",
            "sellingGeneralAdministrative": null,
            "sellingAndMarketingExpenses": null,
            "grossProfit": null,
            "reconciledDepreciation": null,
            "ebit": null,
            "ebitda": "-23268366.00",
            "depreciationAndAmortization": null,
            "nonOperatingIncomeNetOther": null,
            "operatingIncome": "-23268366.00",
            "otherOperatingExpenses": "23268366.00",
            "interestExpense": null,
            "taxProvision": null,
            "interestIncome": null,
            "netInterestIncome": null,
            "extraordinaryItems": null,
            "nonRecurring": null,
            "otherItems": null,
            "incomeTaxExpense": "23268366.00",
            "totalRevenue": null,
            "totalOperatingExpenses": "-23268366.00",
            "costOfRevenue": null,
            "totalOtherIncomeExpenseNet": null,
            "discontinuedOperations": null,
            "netIncomeFromContinuingOps": null,
            "netIncomeApplicableToCommonShares": null,
            "preferredStockAndOtherAdjustments": null
        },
        "1992-09-30": {
            "date": "1992-09-30",
            "filing_date": "1992-09-30",
            "currency_symbol": "EUR",
            "researchDevelopment": null,
            "effectOfAccountingCharges": null,
            "incomeBeforeTax": null,
            "minorityInterest": null,
            "netIncome": "136619757.00",
            "sellingGeneralAdministrative": null,
            "sellingAndMarketingExpenses": null,
            "grossProfit": null,
            "reconciledDepreciation": null,
            "ebit": null,
            "ebitda": "136619757.00",
            "depreciationAndAmortization": null,
            "nonOperatingIncomeNetOther": null,
            "operatingIncome": "136619757.00",
            "otherOperatingExpenses": "136619757.00",
            "interestExpense": null,
            "taxProvision": null,
            "interestIncome": null,
            "netInterestIncome": null,
            "extraordinaryItems": null,
            "nonRecurring": null,
            "otherItems": null,
            "incomeTaxExpense": "-136619757.00",
            "totalRevenue": null,
            "totalOperatingExpenses": "136619757.00",
            "costOfRevenue": null,
            "totalOtherIncomeExpenseNet": null,
            "discontinuedOperations": null,
            "netIncomeFromContinuingOps": null,
            "netIncomeApplicableToCommonShares": null,
            "preferredStockAndOtherAdjustments": null
        },
        "1992-06-30": {
            "date": "1992-06-30",
            "filing_date": "1992-06-30",
            "currency_symbol": "EUR",
            "researchDevelopment": null,
            "effectOfAccountingCharges": null,
            "incomeBeforeTax": null,
            "minorityInterest": null,
            "netIncome": "185969069.00",
            "sellingGeneralAdministrative": null,
            "sellingAndMarketingExpenses": null,
            "grossProfit": null,
            "reconciledDepreciation": null,
            "ebit": null,
            "ebitda": "185969069.00",
            "depreciationAndAmortization": null,
            "nonOperatingIncomeNetOther": null,
            "operatingIncome": "185969069.00",
            "otherOperatingExpenses": "185969069.00",
            "interestExpense": null,
            "taxProvision": null,
            "interestIncome": null,
            "netInterestIncome": null,
            "extraordinaryItems": null,
            "nonRecurring": null,
            "otherItems": null,
            "incomeTaxExpense": "-185969069.00",
            "totalRevenue": null,
            "totalOperatingExpenses": "185969069.00",
            "costOfRevenue": null,
            "totalOtherIncomeExpenseNet": null,
            "discontinuedOperations": null,
            "netIncomeFromContinuingOps": null,
            "netIncomeApplicableToCommonShares": null,
            "preferredStockAndOtherAdjustments": null
        },
        "1992-03-31": {
            "date": "1992-03-31",
            "filing_date": "1992-03-31",
            "currency_symbol": "EUR",
            "researchDevelopment": null,
            "effectOfAccountingCharges": null,
            "incomeBeforeTax": null,
            "minorityInterest": null,
            "netIncome": "159956940.00",
            "sellingGeneralAdministrative": null,
            "sellingAndMarketingExpenses": null,
            "grossProfit": null,
            "reconciledDepreciation": null,
            "ebit": null,
            "ebitda": "159956940.00",
            "depreciationAndAmortization": null,
            "nonOperatingIncomeNetOther": null,
            "operatingIncome": "159956940.00",
            "otherOperatingExpenses": "159956940.00",
            "interestExpense": null,
            "taxProvision": null,
            "interestIncome": null,
            "netInterestIncome": null,
            "extraordinaryItems": null,
            "nonRecurring": null,
            "otherItems": null,
            "incomeTaxExpense": "-159956940.00",
            "totalRevenue": null,
            "totalOperatingExpenses": "159956940.00",
            "costOfRevenue": null,
            "totalOtherIncomeExpenseNet": null,
            "discontinuedOperations": null,
            "netIncomeFromContinuingOps": null,
            "netIncomeApplicableToCommonShares": null,
            "preferredStockAndOtherAdjustments": null
        }
    },
    "yearly": {
        "2024-12-31": {
            "date": "2024-12-31",
            "filing_date": "2024-12-31",
            "currency_symbol": "EUR",
            "researchDevelopment": null,
            "effectOfAccountingCharges": null,
            "incomeBeforeTax": "19027000000.00",
            "minorityInterest": "-1170000000.00",
            "netIncome": "12574000000.00",
            "sellingGeneralAdministrative": "21644000000.00",
            "sellingAndMarketingExpenses": "540000000.00",
            "grossProfit": "51198000000.00",
            "reconciledDepreciation": "3294000000.00",
            "ebit": "18922000000.00",
            "ebitda": "22216000000.00",
            "depreciationAndAmortization": "3294000000.00",
            "nonOperatingIncomeNetOther": null,
            "operatingIncome": "18922000000.00",
            "otherOperatingExpenses": "25478000000.00",
            "interestExpense": "66067000000.00",
            "taxProvision": "5283000000.00",
            "interestIncome": "112735000000.00",
            "netInterestIncome": "46668000000.00",
            "extraordinaryItems": null,
            "nonRecurring": null,
            "otherItems": null,
            "incomeTaxExpense": "5283000000.00",
            "totalRevenue": "50797000000.00",
            "totalOperatingExpenses": "32171000000.00",
            "costOfRevenue": "78711000000.00",
            "totalOtherIncomeExpenseNet": "105000000.00",
            "discontinuedOperations": null,
            "netIncomeFromContinuingOps": "13744000000.00",
            "netIncomeApplicableToCommonShares": null,
            "preferredStockAndOtherAdjustments": null
        },
        "2023-12-31": {
            "date": "2023-12-31",
            "filing_date": "2023-12-31",
            "currency_symbol": "EUR",
            "researchDevelopment": null,
            "effectOfAccountingCharges": null,
            "incomeBeforeTax": "16459000000.00",
            "minorityInterest": "-1107000000.00",
            "netIncome": "11076000000.00",
            "sellingGeneralAdministrative": "21068000000.00",
            "sellingAndMarketingExpenses": "603000000.00",
            "grossProfit": "59308000000.00",
            "reconciledDepreciation": "3184000000.00",
            "ebit": "16459000000.00",
            "ebitda": "19643000000.00",
            "depreciationAndAmortization": "3184000000.00",
            "nonOperatingIncomeNetOther": null,
            "operatingIncome": "16459000000.00",
            "otherOperatingExpenses": "24855000000.00",
            "interestExpense": "61991000000.00",
            "taxProvision": "4276000000.00",
            "interestIncome": "105252000000.00",
            "netInterestIncome": "43261000000.00",
            "extraordinaryItems": null,
            "nonRecurring": null,
            "otherItems": null,
            "incomeTaxExpense": "4276000000.00",
            "totalRevenue": "59593000000.00",
            "totalOperatingExpenses": "59593000000.00",
            "costOfRevenue": "285000000.00",
            "totalOtherIncomeExpenseNet": "471000000.00",
            "discontinuedOperations": null,
            "netIncomeFromContinuingOps": "12183000000.00",
            "netIncomeApplicableToCommonShares": null,
            "preferredStockAndOtherAdjustments": null
        },
        "2022-12-31": {
            "date": "2022-12-31",
            "filing_date": "2022-12-31",
            "currency_symbol": "EUR",
            "researchDevelopment": null,
            "effectOfAccountingCharges": null,
            "incomeBeforeTax": "15250000000.00",
            "minorityInterest": "-1159000000.00",
            "netIncome": "9605000000.00",
            "sellingGeneralAdministrative": "19800000000.00",
            "sellingAndMarketingExpenses": "559000000.00",
            "grossProfit": "43360000000.00",
            "reconciledDepreciation": "2985000000.00",
            "ebit": "15250000000.00",
            "ebitda": "18235000000.00",
            "depreciationAndAmortization": "2985000000.00",
            "nonOperatingIncomeNetOther": null,
            "operatingIncome": "15250000000.00",
            "otherOperatingExpenses": "23344000000.00",
            "interestExpense": "32811000000.00",
            "taxProvision": "4486000000.00",
            "interestIncome": "71430000000.00",
            "netInterestIncome": "38619000000.00",
            "extraordinaryItems": null,
            "nonRecurring": null,
            "otherItems": null,
            "incomeTaxExpense": "4486000000.00",
            "totalRevenue": "54216000000.00",
            "totalOperatingExpenses": "-7314000000.00",
            "costOfRevenue": null,
            "totalOtherIncomeExpenseNet": "494000000.00",
            "discontinuedOperations": null,
            "netIncomeFromContinuingOps": "10764000000.00",
            "netIncomeApplicableToCommonShares": "9605000000.00",
            "preferredStockAndOtherAdjustments": null
        },
        "2021-12-31": {
            "date": "2021-12-31",
            "filing_date": "2021-12-31",
            "currency_symbol": "EUR",
            "researchDevelopment": null,
            "effectOfAccountingCharges": null,
            "incomeBeforeTax": "14547000000.00",
            "minorityInterest": "-1529000000.00",
            "netIncome": "8124000000.00",
            "sellingGeneralAdministrative": "17591000000.00",
            "sellingAndMarketingExpenses": "510000000.00",
            "grossProfit": "41018000000.00",
            "reconciledDepreciation": "2756000000.00",
            "ebit": "14115000000.00",
            "ebitda": "16871000000.00",
            "depreciationAndAmortization": "2756000000.00",
            "nonOperatingIncomeNetOther": null,
            "operatingIncome": "18150000000.00",
            "otherOperatingExpenses": "20857000000.00",
            "interestExpense": "13093000000.00",
            "taxProvision": "4894000000.00",
            "interestIncome": "46463000000.00",
            "netInterestIncome": "33370000000.00",
            "extraordinaryItems": null,
            "nonRecurring": null,
            "otherItems": null,
            "incomeTaxExpense": "4894000000.00",
            "totalRevenue": "48406000000.00",
            "totalOperatingExpenses": "26471000000.00",
            "costOfRevenue": null,
            "totalOtherIncomeExpenseNet": "-170000000.00",
            "discontinuedOperations": null,
            "netIncomeFromContinuingOps": "9653000000.00",
            "netIncomeApplicableToCommonShares": "7558000000.00",
            "preferredStockAndOtherAdjustments": null
        },
        "2020-12-31": {
            "date": "2020-12-31",
            "filing_date": "2020-12-31",
            "currency_symbol": "EUR",
            "researchDevelopment": null,
            "effectOfAccountingCharges": null,
            "incomeBeforeTax": "-2076000000.00",
            "minorityInterest": "9846000000.00",
            "netIncome": "-7708000000.00",
            "sellingGeneralAdministrative": "17260000000.00",
            "sellingAndMarketingExpenses": "523000000.00",
            "grossProfit": "46812000000.00",
            "reconciledDepreciation": "2810000000.00",
            "ebit": "-3139000000.00",
            "ebitda": "-329000000.00",
            "depreciationAndAmortization": "2810000000.00",
            "nonOperatingIncomeNetOther": null,
            "operatingIncome": "-3139000000.00",
            "otherOperatingExpenses": "49951000000.00",
            "interestExpense": "13747000000.00",
            "taxProvision": "5632000000.00",
            "interestIncome": "45741000000.00",
            "netInterestIncome": "31994000000.00",
            "extraordinaryItems": null,
            "nonRecurring": null,
            "otherItems": null,
            "incomeTaxExpense": "5632000000.00",
            "totalRevenue": "46812000000.00",
            "totalOperatingExpenses": "-49951000000.00",
            "costOfRevenue": null,
            "totalOtherIncomeExpenseNet": "-2076000000.00",
            "discontinuedOperations": null,
            "netIncomeFromContinuingOps": "-7708000000.00",
            "netIncomeApplicableToCommonShares": "-9323000000.00",
            "preferredStockAndOtherAdjustments": null
        },
        "2019-12-31": {
            "date": "2019-12-31",
            "filing_date": "2019-12-31",
            "currency_symbol": "EUR",
            "researchDevelopment": null,
            "effectOfAccountingCharges": null,
            "incomeBeforeTax": "12543000000.00",
            "minorityInterest": "10588000000.00",
            "netIncome": "6515000000.00",
            "sellingGeneralAdministrative": "19072000000.00",
            "sellingAndMarketingExpenses": "685000000.00",
            "grossProfit": "52322000000.00",
            "reconciledDepreciation": "3001000000.00",
            "ebit": "12219000000.00",
            "ebitda": "15220000000.00",
            "depreciationAndAmortization": "3001000000.00",
            "nonOperatingIncomeNetOther": null,
            "operatingIncome": "10942000000.00",
            "otherOperatingExpenses": "41380000000.00",
            "interestExpense": "21502000000.00",
            "taxProvision": "4427000000.00",
            "interestIncome": "56785000000.00",
            "netInterestIncome": "35283000000.00",
            "extraordinaryItems": null,
            "nonRecurring": null,
            "otherItems": null,
            "incomeTaxExpense": "4427000000.00",
            "totalRevenue": "52322000000.00",
            "totalOperatingExpenses": "-41380000000.00",
            "costOfRevenue": null,
            "totalOtherIncomeExpenseNet": "-5635000000.00",
            "discontinuedOperations": null,
            "netIncomeFromContinuingOps": "8116000000.00",
            "netIncomeApplicableToCommonShares": "5920000000.00",
            "preferredStockAndOtherAdjustments": null
        },
        "2018-12-31": {
            "date": "2018-12-31",
            "filing_date": "2018-12-31",
            "currency_symbol": "EUR",
            "researchDevelopment": null,
            "effectOfAccountingCharges": null,
            "incomeBeforeTax": "14201000000.00",
            "minorityInterest": "10889000000.00",
            "netIncome": "7810000000.00",
            "sellingGeneralAdministrative": "17304000000.00",
            "sellingAndMarketingExpenses": "646000000.00",
            "grossProfit": "49714000000.00",
            "reconciledDepreciation": "2425000000.00",
            "ebit": "13464000000.00",
            "ebitda": "15889000000.00",
            "depreciationAndAmortization": "2425000000.00",
            "nonOperatingIncomeNetOther": null,
            "operatingIncome": "32680000000.00",
            "otherOperatingExpenses": "17034000000.00",
            "interestExpense": "19984000000.00",
            "taxProvision": "4886000000.00",
            "interestIncome": "54325000000.00",
            "netInterestIncome": "34341000000.00",
            "extraordinaryItems": null,
            "nonRecurring": null,
            "otherItems": null,
            "incomeTaxExpense": "4886000000.00",
            "totalRevenue": "49686000000.00",
            "totalOperatingExpenses": "-17034000000.00",
            "costOfRevenue": "-28000000.00",
            "totalOtherIncomeExpenseNet": "-5328000000.00",
            "discontinuedOperations": null,
            "netIncomeFromContinuingOps": "9315000000.00",
            "netIncomeApplicableToCommonShares": "7250000000.00",
            "preferredStockAndOtherAdjustments": null
        },
        "2017-12-31": {
            "date": "2017-12-31",
            "filing_date": "2017-12-31",
            "currency_symbol": "EUR",
            "researchDevelopment": null,
            "effectOfAccountingCharges": null,
            "incomeBeforeTax": "12091000000.00",
            "minorityInterest": "12344000000.00",
            "netIncome": "6619000000.00",
            "sellingGeneralAdministrative": "19060000000.00",
            "sellingAndMarketingExpenses": "757000000.00",
            "grossProfit": "49599000000.00",
            "reconciledDepreciation": "2593000000.00",
            "ebit": "11387000000.00",
            "ebitda": "13980000000.00",
            "depreciationAndAmortization": "2593000000.00",
            "nonOperatingIncomeNetOther": null,
            "operatingIncome": "32248000000.00",
            "otherOperatingExpenses": "17351000000.00",
            "interestExpense": "21745000000.00",
            "taxProvision": "3884000000.00",
            "interestIncome": "56041000000.00",
            "netInterestIncome": "34296000000.00",
            "extraordinaryItems": null,
            "nonRecurring": "1513000000.00",
            "otherItems": null,
            "incomeTaxExpense": "3884000000.00",
            "totalRevenue": "49599000000.00",
            "totalOperatingExpenses": "-17351000000.00",
            "costOfRevenue": "0.00",
            "totalOtherIncomeExpenseNet": "-3752000000.00",
            "discontinuedOperations": null,
            "netIncomeFromContinuingOps": "8207000000.00",
            "netIncomeApplicableToCommonShares": "6224000000.00",
            "preferredStockAndOtherAdjustments": null
        },
        "2016-12-31": {
            "date": "2016-12-31",
            "filing_date": "2016-12-31",
            "currency_symbol": "EUR",
            "researchDevelopment": null,
            "effectOfAccountingCharges": null,
            "incomeBeforeTax": "10768000000.00",
            "minorityInterest": "11761000000.00",
            "netIncome": "6204000000.00",
            "sellingGeneralAdministrative": "17562000000.00",
            "sellingAndMarketingExpenses": "691000000.00",
            "grossProfit": "45696000000.00",
            "reconciledDepreciation": null,
            "ebit": "18091000000.00",
            "ebitda": "20455000000.00",
            "depreciationAndAmortization": "2364000000.00",
            "nonOperatingIncomeNetOther": null,
            "operatingIncome": "33553000000.00",
            "otherOperatingExpenses": "12143000000.00",
            "interestExpense": "24067000000.00",
            "taxProvision": "3282000000.00",
            "interestIncome": "55156000000.00",
            "netInterestIncome": "31089000000.00",
            "extraordinaryItems": null,
            "nonRecurring": "130000000.00",
            "otherItems": null,
            "incomeTaxExpense": "3282000000.00",
            "totalRevenue": "45696000000.00",
            "totalOperatingExpenses": "-12143000000.00",
            "costOfRevenue": "0.00",
            "totalOtherIncomeExpenseNet": "-3093000000.00",
            "discontinuedOperations": null,
            "netIncomeFromContinuingOps": "7486000000.00",
            "netIncomeApplicableToCommonShares": "5870000000.00",
            "preferredStockAndOtherAdjustments": null
        },
        "2015-12-31": {
            "date": "2015-12-31",
            "filing_date": "2015-12-31",
            "currency_symbol": "EUR",
            "researchDevelopment": null,
            "effectOfAccountingCharges": null,
            "incomeBeforeTax": "10939000000.00",
            "minorityInterest": "10713000000.00",
            "netIncome": "6566000000.00",
            "sellingGeneralAdministrative": "16133000000.00",
            "sellingAndMarketingExpenses": "705000000.00",
            "grossProfit": "45062000000.00",
            "reconciledDepreciation": null,
            "ebit": "32564000000.00",
            "ebitda": "34983000000.00",
            "depreciationAndAmortization": "2419000000.00",
            "nonOperatingIncomeNetOther": null,
            "operatingIncome": "32564000000.00",
            "otherOperatingExpenses": "14646000000.00",
            "interestExpense": "24386000000.00",
            "taxProvision": null,
            "interestIncome": null,
            "netInterestIncome": null,
            "extraordinaryItems": null,
            "nonRecurring": "1185000000.00",
            "otherItems": null,
            "incomeTaxExpense": "3120000000.00",
            "totalRevenue": "45062000000.00",
            "totalOperatingExpenses": "14646000000.00",
            "costOfRevenue": "0.00",
            "totalOtherIncomeExpenseNet": "-4818000000.00",
            "discontinuedOperations": null,
            "netIncomeFromContinuingOps": "7334000000.00",
            "netIncomeApplicableToCommonShares": "5690000000.00",
            "preferredStockAndOtherAdjustments": null
        },
        "2014-12-31": {
            "date": "2014-12-31",
            "filing_date": "2014-12-31",
            "currency_symbol": "EUR",
            "researchDevelopment": null,
            "effectOfAccountingCharges": null,
            "incomeBeforeTax": "9720000000.00",
            "minorityInterest": "1119000000.00",
            "netIncome": "5816000000.00",
            "sellingGeneralAdministrative": "14891000000.00",
            "sellingAndMarketingExpenses": "654000000.00",
            "grossProfit": "42529000000.00",
            "reconciledDepreciation": null,
            "ebit": "34673000000.00",
            "ebitda": "36930000000.00",
            "depreciationAndAmortization": "2257000000.00",
            "nonOperatingIncomeNetOther": null,
            "operatingIncome": "34673000000.00",
            "otherOperatingExpenses": "13628000000.00",
            "interestExpense": "25109000000.00",
            "taxProvision": null,
            "interestIncome": null,
            "netInterestIncome": null,
            "extraordinaryItems": null,
            "nonRecurring": "1129000000.00",
            "otherItems": null,
            "incomeTaxExpense": "2696000000.00",
            "totalRevenue": "42529000000.00",
            "totalOperatingExpenses": "13628000000.00",
            "costOfRevenue": "0.00",
            "totalOtherIncomeExpenseNet": "-4630000000.00",
            "discontinuedOperations": "-26000000.00",
            "netIncomeFromContinuingOps": "6961000000.00",
            "netIncomeApplicableToCommonShares": "5711000000.00",
            "preferredStockAndOtherAdjustments": null
        },
        "2013-12-31": {
            "date": "2013-12-31",
            "filing_date": "2013-12-31",
            "currency_symbol": "EUR",
            "researchDevelopment": null,
            "effectOfAccountingCharges": null,
            "incomeBeforeTax": "7262000000.00",
            "minorityInterest": "1154000000.00",
            "netIncome": "4370000000.00",
            "sellingGeneralAdministrative": "14562000000.00",
            "sellingAndMarketingExpenses": "630000000.00",
            "grossProfit": "39542000000.00",
            "reconciledDepreciation": null,
            "ebit": "31994000000.00",
            "ebitda": "34386000000.00",
            "depreciationAndAmortization": "2392000000.00",
            "nonOperatingIncomeNetOther": null,
            "operatingIncome": "31994000000.00",
            "otherOperatingExpenses": "13931000000.00",
            "interestExpense": "25512000000.00",
            "taxProvision": null,
            "interestIncome": null,
            "netInterestIncome": null,
            "extraordinaryItems": null,
            "nonRecurring": null,
            "otherItems": null,
            "incomeTaxExpense": "1853000000.00",
            "totalRevenue": "39542000000.00",
            "totalOperatingExpenses": "13931000000.00",
            "costOfRevenue": "0.00",
            "totalOtherIncomeExpenseNet": "-4134000000.00",
            "discontinuedOperations": "-15000000.00",
            "netIncomeFromContinuingOps": "5344000000.00",
            "netIncomeApplicableToCommonShares": "4385000000.00",
            "preferredStockAndOtherAdjustments": null
        },
        "2012-12-31": {
            "date": "2012-12-31",
            "filing_date": "2012-12-31",
            "currency_symbol": "EUR",
            "researchDevelopment": null,
            "effectOfAccountingCharges": null,
            "incomeBeforeTax": "3549000000.00",
            "minorityInterest": "762000000.00",
            "netIncome": "2205000000.00",
            "sellingGeneralAdministrative": "16846000000.00",
            "sellingAndMarketingExpenses": "665000000.00",
            "grossProfit": "45406000000.00",
            "reconciledDepreciation": null,
            "ebit": "12049000000.00",
            "ebitda": "14238000000.00",
            "depreciationAndAmortization": "2189000000.00",
            "nonOperatingIncomeNetOther": null,
            "operatingIncome": "31657000000.00",
            "otherOperatingExpenses": "13749000000.00",
            "interestExpense": "28877000000.00",
            "taxProvision": null,
            "interestIncome": null,
            "netInterestIncome": null,
            "extraordinaryItems": null,
            "nonRecurring": null,
            "otherItems": null,
            "incomeTaxExpense": "575000000.00",
            "totalRevenue": "45406000000.00",
            "totalOperatingExpenses": "-13749000000.00",
            "costOfRevenue": null,
            "totalOtherIncomeExpenseNet": "-11110000000.00",
            "discontinuedOperations": null,
            "netIncomeFromContinuingOps": null,
            "netIncomeApplicableToCommonShares": "2212000000.00",
            "preferredStockAndOtherAdjustments": null
        },
        "2011-12-31": {
            "date": "2011-12-31",
            "filing_date": "2011-12-31",
            "currency_symbol": "EUR",
            "researchDevelopment": null,
            "effectOfAccountingCharges": null,
            "incomeBeforeTax": "10817000000.00",
            "minorityInterest": "788000000.00",
            "netIncome": "7021000000.00",
            "sellingGeneralAdministrative": "17781000000.00",
            "sellingAndMarketingExpenses": "695000000.00",
            "grossProfit": "41382000000.00",
            "reconciledDepreciation": null,
            "ebit": "16252000000.00",
            "ebitda": "18361000000.00",
            "depreciationAndAmortization": "2109000000.00",
            "nonOperatingIncomeNetOther": null,
            "operatingIncome": "37162000000.00",
            "otherOperatingExpenses": "4220000000.00",
            "interestExpense": "30035000000.00",
            "taxProvision": null,
            "interestIncome": null,
            "netInterestIncome": null,
            "extraordinaryItems": null,
            "nonRecurring": null,
            "otherItems": null,
            "incomeTaxExpense": "2936000000.00",
            "totalRevenue": "41382000000.00",
            "totalOperatingExpenses": "-4220000000.00",
            "costOfRevenue": null,
            "totalOtherIncomeExpenseNet": "-7533000000.00",
            "discontinuedOperations": null,
            "netIncomeFromContinuingOps": null,
            "netIncomeApplicableToCommonShares": "5375000000.00",
            "preferredStockAndOtherAdjustments": null
        },
        "2010-12-31": {
            "date": "2010-12-31",
            "filing_date": "2010-12-31",
            "currency_symbol": "EUR",
            "researchDevelopment": null,
            "effectOfAccountingCharges": null,
            "incomeBeforeTax": "12052000000.00",
            "minorityInterest": "920852000.00",
            "netIncome": "8181000000.00",
            "sellingGeneralAdministrative": "16256000000.00",
            "sellingAndMarketingExpenses": "633511000.00",
            "grossProfit": "40960000000.00",
            "reconciledDepreciation": null,
            "ebit": "19224318000.00",
            "ebitda": "21164318000.00",
            "depreciationAndAmortization": "1940000000.00",
            "nonOperatingIncomeNetOther": null,
            "operatingIncome": "34786458000.00",
            "otherOperatingExpenses": "6173542000.00",
            "interestExpense": "23682375000.00",
            "taxProvision": null,
            "interestIncome": null,
            "netInterestIncome": null,
            "extraordinaryItems": null,
            "nonRecurring": null,
            "otherItems": null,
            "incomeTaxExpense": "2923000000.00",
            "totalRevenue": "40960000000.00",
            "totalOperatingExpenses": "-6173542000.00",
            "costOfRevenue": null,
            "totalOtherIncomeExpenseNet": "-561163000.00",
            "discontinuedOperations": null,
            "netIncomeFromContinuingOps": null,
            "netIncomeApplicableToCommonShares": "8180909000.00",
            "preferredStockAndOtherAdjustments": null
        },
        "2009-12-31": {
            "date": "2009-12-31",
            "filing_date": "2009-12-31",
            "currency_symbol": "EUR",
            "researchDevelopment": null,
            "effectOfAccountingCharges": null,
            "incomeBeforeTax": "11764000000.00",
            "minorityInterest": "469522000.00",
            "netIncome": "8943000000.00",
            "sellingGeneralAdministrative": "14825000000.00",
            "sellingAndMarketingExpenses": "594432000.00",
            "grossProfit": "39382000000.00",
            "reconciledDepreciation": null,
            "ebit": "19179561000.00",
            "ebitda": "20775561000.00",
            "depreciationAndAmortization": "1596000000.00",
            "nonOperatingIncomeNetOther": null,
            "operatingIncome": "37024055000.00",
            "otherOperatingExpenses": "2357945000.00",
            "interestExpense": "26874462000.00",
            "taxProvision": null,
            "interestIncome": null,
            "netInterestIncome": null,
            "extraordinaryItems": "30870000.00",
            "nonRecurring": null,
            "otherItems": null,
            "incomeTaxExpense": "2336000000.00",
            "totalRevenue": "39382000000.00",
            "totalOperatingExpenses": "-2357945000.00",
            "costOfRevenue": null,
            "totalOtherIncomeExpenseNet": "-25260055000.00",
            "discontinuedOperations": null,
            "netIncomeFromContinuingOps": null,
            "netIncomeApplicableToCommonShares": "8942538000.00",
            "preferredStockAndOtherAdjustments": null
        },
        "2008-12-31": {
            "date": "2008-12-31",
            "filing_date": "2008-12-31",
            "currency_symbol": "EUR",
            "researchDevelopment": null,
            "effectOfAccountingCharges": null,
            "incomeBeforeTax": "11370000000.00",
            "minorityInterest": "456000000.00",
            "netIncome": "8876000000.00",
            "sellingGeneralAdministrative": "11892000000.00",
            "sellingAndMarketingExpenses": null,
            "grossProfit": "31761987000.00",
            "reconciledDepreciation": null,
            "ebit": "24462098000.00",
            "ebitda": "25732098000.00",
            "depreciationAndAmortization": "1270000000.00",
            "nonOperatingIncomeNetOther": null,
            "operatingIncome": "48796027000.00",
            "otherOperatingExpenses": "17034040000.00",
            "interestExpense": "38035863000.00",
            "taxProvision": null,
            "interestIncome": null,
            "netInterestIncome": null,
            "extraordinaryItems": null,
            "nonRecurring": null,
            "otherItems": null,
            "incomeTaxExpense": "2025000000.00",
            "totalRevenue": "31761987000.00",
            "totalOperatingExpenses": "17034040000.00",
            "costOfRevenue": null,
            "totalOtherIncomeExpenseNet": "-37566275000.00",
            "discontinuedOperations": null,
            "netIncomeFromContinuingOps": null,
            "netIncomeApplicableToCommonShares": "8876414000.00",
            "preferredStockAndOtherAdjustments": null
        },
        "2007-12-31": {
            "date": "2007-12-31",
            "filing_date": "2007-12-31",
            "currency_symbol": "EUR",
            "researchDevelopment": null,
            "effectOfAccountingCharges": null,
            "incomeBeforeTax": "11175241000.00",
            "minorityInterest": "575892000.00",
            "netIncome": "9060258000.00",
            "sellingGeneralAdministrative": "11186946000.00",
            "sellingAndMarketingExpenses": "564874987.00",
            "grossProfit": "28081731000.00",
            "reconciledDepreciation": null,
            "ebit": "22627526000.00",
            "ebitda": "23895406000.00",
            "depreciationAndAmortization": "1267880000.00",
            "nonOperatingIncomeNetOther": null,
            "operatingIncome": "42317414000.00",
            "otherOperatingExpenses": "11188379000.00",
            "interestExpense": "30921470000.00",
            "taxProvision": null,
            "interestIncome": null,
            "netInterestIncome": null,
            "extraordinaryItems": "796595000.00",
            "nonRecurring": null,
            "otherItems": null,
            "incomeTaxExpense": "2335686000.00",
            "totalRevenue": "28081731000.00",
            "totalOperatingExpenses": "11188379000.00",
            "costOfRevenue": null,
            "totalOtherIncomeExpenseNet": "1035083000.00",
            "discontinuedOperations": null,
            "netIncomeFromContinuingOps": null,
            "netIncomeApplicableToCommonShares": "9060258000.00",
            "preferredStockAndOtherAdjustments": null
        },
        "2006-12-31": {
            "date": "2006-12-31",
            "filing_date": "2006-12-31",
            "currency_symbol": "EUR",
            "researchDevelopment": null,
            "effectOfAccountingCharges": null,
            "incomeBeforeTax": "9150017000.00",
            "minorityInterest": "650000000.00",
            "netIncome": "7595947000.00",
            "sellingGeneralAdministrative": "10275634000.00",
            "sellingAndMarketingExpenses": "482164366.00",
            "grossProfit": "24560251000.00",
            "reconciledDepreciation": null,
            "ebit": "16757908000.00",
            "ebitda": "17908678000.00",
            "depreciationAndAmortization": "1150770000.00",
            "nonOperatingIncomeNetOther": null,
            "operatingIncome": "34646718000.00",
            "otherOperatingExpenses": "10277467000.00",
            "interestExpense": "24757133000.00",
            "taxProvision": null,
            "interestIncome": null,
            "netInterestIncome": null,
            "extraordinaryItems": null,
            "nonRecurring": null,
            "otherItems": null,
            "incomeTaxExpense": "2293638000.00",
            "totalRevenue": "24560251000.00",
            "totalOperatingExpenses": "10277467000.00",
            "costOfRevenue": null,
            "totalOtherIncomeExpenseNet": "1185056000.00",
            "discontinuedOperations": null,
            "netIncomeFromContinuingOps": null,
            "netIncomeApplicableToCommonShares": "7596000000.00",
            "preferredStockAndOtherAdjustments": null
        },
        "2005-12-31": {
            "date": "2005-12-31",
            "filing_date": "2005-12-31",
            "currency_symbol": "EUR",
            "researchDevelopment": null,
            "effectOfAccountingCharges": null,
            "incomeBeforeTax": "7619014601.00",
            "minorityInterest": "530000000.00",
            "netIncome": "6215382154.00",
            "sellingGeneralAdministrative": "5812980631.00",
            "sellingAndMarketingExpenses": "404081700.00",
            "grossProfit": "33555878389.00",
            "reconciledDepreciation": null,
            "ebit": "30388890154.00",
            "ebitda": "31409325752.00",
            "depreciationAndAmortization": "1020435598.00",
            "nonOperatingIncomeNetOther": null,
            "operatingIncome": "30388890153.00",
            "otherOperatingExpenses": "3166988235.18",
            "interestExpense": "22783387889.00",
            "taxProvision": null,
            "interestIncome": null,
            "netInterestIncome": null,
            "extraordinaryItems": null,
            "nonRecurring": null,
            "otherItems": null,
            "incomeTaxExpense": "1390120109.00",
            "totalRevenue": "33555878389.00",
            "totalOperatingExpenses": "-3166988235.18",
            "costOfRevenue": null,
            "totalOtherIncomeExpenseNet": "-22727993153.00",
            "discontinuedOperations": null,
            "netIncomeFromContinuingOps": null,
            "netIncomeApplicableToCommonShares": "6220000000.00",
            "preferredStockAndOtherAdjustments": null
        },
        "2004-12-31": {
            "date": "2004-12-31",
            "filing_date": "2004-12-31",
            "currency_symbol": "EUR",
            "researchDevelopment": null,
            "effectOfAccountingCharges": null,
            "incomeBeforeTax": "4387273000.00",
            "minorityInterest": "532000000.00",
            "netIncome": "3605870000.00",
            "sellingGeneralAdministrative": "6931135000.00",
            "sellingAndMarketingExpenses": "292747570.00",
            "grossProfit": "14626507000.00",
            "reconciledDepreciation": null,
            "ebit": "14403578000.00",
            "ebitda": "15242252518.00",
            "depreciationAndAmortization": "838674518.00",
            "nonOperatingIncomeNetOther": null,
            "operatingIncome": "14403578000.00",
            "otherOperatingExpenses": "6927560000.00",
            "interestExpense": "10271884000.00",
            "taxProvision": null,
            "interestIncome": null,
            "netInterestIncome": null,
            "extraordinaryItems": null,
            "nonRecurring": null,
            "otherItems": null,
            "incomeTaxExpense": "525824000.00",
            "totalRevenue": "14626507000.00",
            "totalOperatingExpenses": "6927560000.00",
            "costOfRevenue": null,
            "totalOtherIncomeExpenseNet": "541125000.00",
            "discontinuedOperations": null,
            "netIncomeFromContinuingOps": null,
            "netIncomeApplicableToCommonShares": null,
            "preferredStockAndOtherAdjustments": null
        },
        "2003-12-31": {
            "date": "2003-12-31",
            "filing_date": "2003-12-31",
            "currency_symbol": "EUR",
            "researchDevelopment": null,
            "effectOfAccountingCharges": null,
            "incomeBeforeTax": "2946673915.00",
            "minorityInterest": "621000000.00",
            "netIncome": "2606262137.00",
            "sellingGeneralAdministrative": "4042303506.00",
            "sellingAndMarketingExpenses": "211076994.00",
            "grossProfit": "15577441728.00",
            "reconciledDepreciation": null,
            "ebit": null,
            "ebitda": "12616661870.00",
            "depreciationAndAmortization": null,
            "nonOperatingIncomeNetOther": null,
            "operatingIncome": "12616661870.00",
            "otherOperatingExpenses": "2960779858.03",
            "interestExpense": "9669987954.00",
            "taxProvision": null,
            "interestIncome": null,
            "netInterestIncome": null,
            "extraordinaryItems": null,
            "nonRecurring": null,
            "otherItems": null,
            "incomeTaxExpense": "340411777.00",
            "totalRevenue": "15577441728.00",
            "totalOperatingExpenses": "-2960779858.03",
            "costOfRevenue": null,
            "totalOtherIncomeExpenseNet": "-15591547671.03",
            "discontinuedOperations": null,
            "netIncomeFromContinuingOps": null,
            "netIncomeApplicableToCommonShares": null,
            "preferredStockAndOtherAdjustments": null
        },
        "2002-12-31": {
            "date": "2002-12-31",
            "filing_date": "2002-12-31",
            "currency_symbol": "EUR",
            "researchDevelopment": null,
            "effectOfAccountingCharges": null,
            "incomeBeforeTax": "2564472765.00",
            "minorityInterest": "538000000.00",
            "netIncome": "2249209323.00",
            "sellingGeneralAdministrative": "4525807005.00",
            "sellingAndMarketingExpenses": "266242664.00",
            "grossProfit": "17155891979.00",
            "reconciledDepreciation": null,
            "ebit": null,
            "ebitda": "16402832214.00",
            "depreciationAndAmortization": null,
            "nonOperatingIncomeNetOther": null,
            "operatingIncome": "16402832214.00",
            "otherOperatingExpenses": "753059765.28",
            "interestExpense": "13838359449.00",
            "taxProvision": null,
            "interestIncome": null,
            "netInterestIncome": null,
            "extraordinaryItems": null,
            "nonRecurring": null,
            "otherItems": null,
            "incomeTaxExpense": "315263441.00",
            "totalRevenue": "17155891979.00",
            "totalOperatingExpenses": "-753059765.28",
            "costOfRevenue": null,
            "totalOtherIncomeExpenseNet": "-15344478979.00",
            "discontinuedOperations": null,
            "netIncomeFromContinuingOps": null,
            "netIncomeApplicableToCommonShares": null,
            "preferredStockAndOtherAdjustments": null
        },
        "2001-12-31": {
            "date": "2001-12-31",
            "filing_date": "2001-12-31",
            "currency_symbol": "EUR",
            "researchDevelopment": null,
            "effectOfAccountingCharges": null,
            "incomeBeforeTax": "2957106114.00",
            "minorityInterest": "840606000.00",
            "netIncome": "2490631764.00",
            "sellingGeneralAdministrative": "5267451475.00",
            "sellingAndMarketingExpenses": "340662740.00",
            "grossProfit": "18335354225.00",
            "reconciledDepreciation": null,
            "ebit": null,
            "ebitda": "21397554915.00",
            "depreciationAndAmortization": null,
            "nonOperatingIncomeNetOther": null,
            "operatingIncome": "21397554915.00",
            "otherOperatingExpenses": "3062200690.00",
            "interestExpense": "18440448801.00",
            "taxProvision": null,
            "interestIncome": null,
            "netInterestIncome": null,
            "extraordinaryItems": null,
            "nonRecurring": null,
            "otherItems": null,
            "incomeTaxExpense": "466474349.00",
            "totalRevenue": "18335354225.00",
            "totalOperatingExpenses": "3062200690.00",
            "costOfRevenue": null,
            "totalOtherIncomeExpenseNet": "-27589200956.00",
            "discontinuedOperations": null,
            "netIncomeFromContinuingOps": null,
            "netIncomeApplicableToCommonShares": null,
            "preferredStockAndOtherAdjustments": null
        },
        "2000-12-31": {
            "date": "2000-12-31",
            "filing_date": "2000-12-31",
            "currency_symbol": "EUR",
            "researchDevelopment": null,
            "effectOfAccountingCharges": null,
            "incomeBeforeTax": "2658251178.00",
            "minorityInterest": "800987000.00",
            "netIncome": "2264400658.00",
            "sellingGeneralAdministrative": "4463295318.00",
            "sellingAndMarketingExpenses": "306070160.00",
            "grossProfit": "15151265106.00",
            "reconciledDepreciation": null,
            "ebit": null,
            "ebitda": "24011639562.00",
            "depreciationAndAmortization": null,
            "nonOperatingIncomeNetOther": null,
            "operatingIncome": "24011639562.00",
            "otherOperatingExpenses": "8860374455.00",
            "interestExpense": "21353388383.00",
            "taxProvision": null,
            "interestIncome": null,
            "netInterestIncome": null,
            "extraordinaryItems": null,
            "nonRecurring": null,
            "otherItems": null,
            "incomeTaxExpense": "393850520.00",
            "totalRevenue": "15151265106.00",
            "totalOperatingExpenses": "8860374455.00",
            "costOfRevenue": null,
            "totalOtherIncomeExpenseNet": "-3632639473.00",
            "discontinuedOperations": null,
            "netIncomeFromContinuingOps": null,
            "netIncomeApplicableToCommonShares": null,
            "preferredStockAndOtherAdjustments": null
        },
        "1999-12-31": {
            "date": "1999-12-31",
            "filing_date": "1999-12-31",
            "currency_symbol": "EUR",
            "researchDevelopment": null,
            "effectOfAccountingCharges": null,
            "incomeBeforeTax": "2272897109.00",
            "minorityInterest": null,
            "netIncome": "1577542246.00",
            "sellingGeneralAdministrative": "3781569708.00",
            "sellingAndMarketingExpenses": "203428813.00",
            "grossProfit": "12302523926.00",
            "reconciledDepreciation": null,
            "ebit": null,
            "ebitda": "15416167375.00",
            "depreciationAndAmortization": null,
            "nonOperatingIncomeNetOther": null,
            "operatingIncome": "15416167375.00",
            "otherOperatingExpenses": "3113643449.00",
            "interestExpense": "13294226967.00",
            "taxProvision": null,
            "interestIncome": null,
            "netInterestIncome": null,
            "extraordinaryItems": null,
            "nonRecurring": null,
            "otherItems": null,
            "incomeTaxExpense": "544398162.00",
            "totalRevenue": "12302523926.00",
            "totalOperatingExpenses": "3113643449.00",
            "costOfRevenue": null,
            "totalOtherIncomeExpenseNet": "-6915983368.00",
            "discontinuedOperations": null,
            "netIncomeFromContinuingOps": null,
            "netIncomeApplicableToCommonShares": null,
            "preferredStockAndOtherAdjustments": null
        },
        "1998-12-31": {
            "date": "1998-12-31",
            "filing_date": "1998-12-31",
            "currency_symbol": "EUR",
            "researchDevelopment": null,
            "effectOfAccountingCharges": null,
            "incomeBeforeTax": "1526005602.00",
            "minorityInterest": null,
            "netIncome": "1187073252.00",
            "sellingGeneralAdministrative": "2602147788.00",
            "sellingAndMarketingExpenses": null,
            "grossProfit": "7044080058.00",
            "reconciledDepreciation": null,
            "ebit": null,
            "ebitda": "10873461384.00",
            "depreciationAndAmortization": null,
            "nonOperatingIncomeNetOther": null,
            "operatingIncome": "10873461384.00",
            "otherOperatingExpenses": "3829381326.00",
            "interestExpense": "9347455782.00",
            "taxProvision": null,
            "interestIncome": null,
            "netInterestIncome": null,
            "extraordinaryItems": null,
            "nonRecurring": null,
            "otherItems": null,
            "incomeTaxExpense": "338932350.00",
            "totalRevenue": "7044080058.00",
            "totalOperatingExpenses": "3829381326.00",
            "costOfRevenue": null,
            "totalOtherIncomeExpenseNet": "-1107264276.00",
            "discontinuedOperations": null,
            "netIncomeFromContinuingOps": null,
            "netIncomeApplicableToCommonShares": null,
            "preferredStockAndOtherAdjustments": null
        },
        "1997-12-31": {
            "date": "1997-12-31",
            "filing_date": "1997-12-31",
            "currency_symbol": "EUR",
            "researchDevelopment": null,
            "effectOfAccountingCharges": null,
            "incomeBeforeTax": "1503089406.00",
            "minorityInterest": null,
            "netIncome": "987453558.00",
            "sellingGeneralAdministrative": "2099452446.00",
            "sellingAndMarketingExpenses": null,
            "grossProfit": "6037903053.00",
            "reconciledDepreciation": null,
            "ebit": null,
            "ebitda": "8886809295.00",
            "depreciationAndAmortization": null,
            "nonOperatingIncomeNetOther": null,
            "operatingIncome": "8886809295.00",
            "otherOperatingExpenses": "2848906242.00",
            "interestExpense": "7677992322.00",
            "taxProvision": null,
            "interestIncome": null,
            "netInterestIncome": null,
            "extraordinaryItems": null,
            "nonRecurring": null,
            "otherItems": null,
            "incomeTaxExpense": "221363415.00",
            "totalRevenue": "6037903053.00",
            "totalOperatingExpenses": "2848906242.00",
            "costOfRevenue": null,
            "totalOtherIncomeExpenseNet": "7200901890.00",
            "discontinuedOperations": null,
            "netIncomeFromContinuingOps": null,
            "netIncomeApplicableToCommonShares": null,
            "preferredStockAndOtherAdjustments": null
        },
        "1996-12-31": {
            "date": "1996-12-31",
            "filing_date": "1996-12-31",
            "currency_symbol": "EUR",
            "researchDevelopment": null,
            "effectOfAccountingCharges": null,
            "incomeBeforeTax": "999275639.00",
            "minorityInterest": null,
            "netIncome": "738067542.00",
            "sellingGeneralAdministrative": "1627428485.00",
            "sellingAndMarketingExpenses": null,
            "grossProfit": "4973559647.00",
            "reconciledDepreciation": null,
            "ebit": "8316717970.00",
            "ebitda": "8741191171.00",
            "depreciationAndAmortization": "424473201.00",
            "nonOperatingIncomeNetOther": null,
            "operatingIncome": "8316717970.00",
            "otherOperatingExpenses": "3343158323.00",
            "interestExpense": "7317442331.00",
            "taxProvision": null,
            "interestIncome": null,
            "netInterestIncome": null,
            "extraordinaryItems": null,
            "nonRecurring": null,
            "otherItems": null,
            "incomeTaxExpense": "261208097.00",
            "totalRevenue": "4973559647.00",
            "totalOperatingExpenses": "3343158323.00",
            "costOfRevenue": null,
            "totalOtherIncomeExpenseNet": "-7317442331.00",
            "discontinuedOperations": null,
            "netIncomeFromContinuingOps": null,
            "netIncomeApplicableToCommonShares": null,
            "preferredStockAndOtherAdjustments": null
        },
        "1995-12-31": {
            "date": "1995-12-31",
            "filing_date": "1995-12-31",
            "currency_symbol": "EUR",
            "researchDevelopment": null,
            "effectOfAccountingCharges": null,
            "incomeBeforeTax": "935268072.00",
            "minorityInterest": null,
            "netIncome": "652550697.00",
            "sellingGeneralAdministrative": "1519108698.00",
            "sellingAndMarketingExpenses": null,
            "grossProfit": "4508113773.00",
            "reconciledDepreciation": null,
            "ebit": "7583220912.00",
            "ebitda": "7981676931.00",
            "depreciationAndAmortization": "398456019.00",
            "nonOperatingIncomeNetOther": null,
            "operatingIncome": "7583220912.00",
            "otherOperatingExpenses": "3075107139.00",
            "interestExpense": "6647952840.00",
            "taxProvision": null,
            "interestIncome": null,
            "netInterestIncome": null,
            "extraordinaryItems": null,
            "nonRecurring": null,
            "otherItems": null,
            "incomeTaxExpense": "282717375.00",
            "totalRevenue": "4508113773.00",
            "totalOperatingExpenses": "3075107139.00",
            "costOfRevenue": null,
            "totalOtherIncomeExpenseNet": "-6647952840.00",
            "discontinuedOperations": null,
            "netIncomeFromContinuingOps": null,
            "netIncomeApplicableToCommonShares": null,
            "preferredStockAndOtherAdjustments": null
        },
        "1994-12-31": {
            "date": "1994-12-31",
            "filing_date": "1994-12-31",
            "currency_symbol": "EUR",
            "researchDevelopment": null,
            "effectOfAccountingCharges": null,
            "incomeBeforeTax": "886323474.00",
            "minorityInterest": null,
            "netIncome": "618526410.00",
            "sellingGeneralAdministrative": "1016226252.00",
            "sellingAndMarketingExpenses": null,
            "grossProfit": "3462687798.00",
            "reconciledDepreciation": null,
            "ebit": "5411147922.00",
            "ebitda": "5643880206.00",
            "depreciationAndAmortization": "232732284.00",
            "nonOperatingIncomeNetOther": null,
            "operatingIncome": "5411147922.00",
            "otherOperatingExpenses": "1948460124.00",
            "interestExpense": "4524824448.00",
            "taxProvision": null,
            "interestIncome": null,
            "netInterestIncome": null,
            "extraordinaryItems": null,
            "nonRecurring": null,
            "otherItems": null,
            "incomeTaxExpense": "267797064.00",
            "totalRevenue": "3462687798.00",
            "totalOperatingExpenses": "1948460124.00",
            "costOfRevenue": null,
            "totalOtherIncomeExpenseNet": "-4524824448.00",
            "discontinuedOperations": null,
            "netIncomeFromContinuingOps": null,
            "netIncomeApplicableToCommonShares": null,
            "preferredStockAndOtherAdjustments": null
        },
        "1993-12-31": {
            "date": "1993-12-31",
            "filing_date": "1993-12-31",
            "currency_symbol": "EUR",
            "researchDevelopment": null,
            "effectOfAccountingCharges": null,
            "incomeBeforeTax": "653247469.00",
            "minorityInterest": null,
            "netIncome": "416468787.00",
            "sellingGeneralAdministrative": "695548581.00",
            "sellingAndMarketingExpenses": null,
            "grossProfit": "2589598795.00",
            "reconciledDepreciation": null,
            "ebit": "4757710027.00",
            "ebitda": "4937220890.00",
            "depreciationAndAmortization": "179510863.00",
            "nonOperatingIncomeNetOther": null,
            "operatingIncome": "4757710027.00",
            "otherOperatingExpenses": "2168111232.00",
            "interestExpense": "4104462558.00",
            "taxProvision": null,
            "interestIncome": null,
            "netInterestIncome": null,
            "extraordinaryItems": null,
            "nonRecurring": null,
            "otherItems": null,
            "incomeTaxExpense": "236778682.00",
            "totalRevenue": "2589598795.00",
            "totalOperatingExpenses": "2168111232.00",
            "costOfRevenue": null,
            "totalOtherIncomeExpenseNet": "-4104462558.00",
            "discontinuedOperations": null,
            "netIncomeFromContinuingOps": null,
            "netIncomeApplicableToCommonShares": null,
            "preferredStockAndOtherAdjustments": null
        },
        "1992-12-31": {
            "date": "1992-12-31",
            "filing_date": "1992-12-31",
            "currency_symbol": "EUR",
            "researchDevelopment": null,
            "effectOfAccountingCharges": null,
            "incomeBeforeTax": "674536005.00",
            "minorityInterest": null,
            "netIncome": "426519270.00",
            "sellingGeneralAdministrative": "760270185.00",
            "sellingAndMarketingExpenses": null,
            "grossProfit": "2576825190.00",
            "reconciledDepreciation": null,
            "ebit": "4179044745.00",
            "ebitda": "4379891130.00",
            "depreciationAndAmortization": "200846385.00",
            "nonOperatingIncomeNetOther": null,
            "operatingIncome": "4179044745.00",
            "otherOperatingExpenses": "1602219555.00",
            "interestExpense": "3504508740.00",
            "taxProvision": null,
            "interestIncome": null,
            "netInterestIncome": null,
            "extraordinaryItems": null,
            "nonRecurring": null,
            "otherItems": null,
            "incomeTaxExpense": "248016735.00",
            "totalRevenue": "2576825190.00",
            "totalOperatingExpenses": "1602219555.00",
            "costOfRevenue": null,
            "totalOtherIncomeExpenseNet": "-3504508740.00",
            "discontinuedOperations": null,
            "netIncomeFromContinuingOps": null,
            "netIncomeApplicableToCommonShares": null,
            "preferredStockAndOtherAdjustments": null
        },
        "1991-12-31": {
            "date": "1991-12-31",
            "filing_date": "1991-12-31",
            "currency_symbol": "EUR",
            "researchDevelopment": null,
            "effectOfAccountingCharges": null,
            "incomeBeforeTax": "840648172.00",
            "minorityInterest": null,
            "netIncome": "549648827.00",
            "sellingGeneralAdministrative": "697501896.00",
            "sellingAndMarketingExpenses": null,
            "grossProfit": "3202711148.00",
            "reconciledDepreciation": null,
            "ebit": null,
            "ebitda": "4099541992.00",
            "depreciationAndAmortization": null,
            "nonOperatingIncomeNetOther": null,
            "operatingIncome": "4099541992.00",
            "otherOperatingExpenses": "896830844.00",
            "interestExpense": "3258893820.00",
            "taxProvision": null,
            "interestIncome": null,
            "netInterestIncome": null,
            "extraordinaryItems": null,
            "nonRecurring": null,
            "otherItems": null,
            "incomeTaxExpense": "290999345.00",
            "totalRevenue": "3202711148.00",
            "totalOperatingExpenses": "896830844.00",
            "costOfRevenue": null,
            "totalOtherIncomeExpenseNet": "-1465232132.00",
            "discontinuedOperations": null,
            "netIncomeFromContinuingOps": null,
            "netIncomeApplicableToCommonShares": null,
            "preferredStockAndOtherAdjustments": null
        },
        "1990-12-31": {
            "date": "1990-12-31",
            "filing_date": "1990-12-31",
            "currency_symbol": "EUR",
            "researchDevelopment": null,
            "effectOfAccountingCharges": null,
            "incomeBeforeTax": null,
            "minorityInterest": null,
            "netIncome": "429311925.00",
            "sellingGeneralAdministrative": null,
            "sellingAndMarketingExpenses": null,
            "grossProfit": null,
            "reconciledDepreciation": null,
            "ebit": null,
            "ebitda": "429311925.00",
            "depreciationAndAmortization": null,
            "nonOperatingIncomeNetOther": null,
            "operatingIncome": "429311925.00",
            "otherOperatingExpenses": "429311925.00",
            "interestExpense": null,
            "taxProvision": null,
            "interestIncome": null,
            "netInterestIncome": null,
            "extraordinaryItems": null,
            "nonRecurring": null,
            "otherItems": null,
            "incomeTaxExpense": "-429311925.00",
            "totalRevenue": null,
            "totalOperatingExpenses": "429311925.00",
            "costOfRevenue": null,
            "totalOtherIncomeExpenseNet": null,
            "discontinuedOperations": null,
            "netIncomeFromContinuingOps": null,
            "netIncomeApplicableToCommonShares": null,
            "preferredStockAndOtherAdjustments": null
        },
        "1989-12-31": {
            "date": "1989-12-31",
            "filing_date": "1989-12-31",
            "currency_symbol": "EUR",
            "researchDevelopment": null,
            "effectOfAccountingCharges": null,
            "incomeBeforeTax": null,
            "minorityInterest": null,
            "netIncome": "358807973.00",
            "sellingGeneralAdministrative": null,
            "sellingAndMarketingExpenses": null,
            "grossProfit": null,
            "reconciledDepreciation": null,
            "ebit": null,
            "ebitda": "358807973.00",
            "depreciationAndAmortization": null,
            "nonOperatingIncomeNetOther": null,
            "operatingIncome": "358807973.00",
            "otherOperatingExpenses": "358807973.00",
            "interestExpense": null,
            "taxProvision": null,
            "interestIncome": null,
            "netInterestIncome": null,
            "extraordinaryItems": null,
            "nonRecurring": null,
            "otherItems": null,
            "incomeTaxExpense": "-358807973.00",
            "totalRevenue": null,
            "totalOperatingExpenses": "358807973.00",
            "costOfRevenue": null,
            "totalOtherIncomeExpenseNet": null,
            "discontinuedOperations": null,
            "netIncomeFromContinuingOps": null,
            "netIncomeApplicableToCommonShares": null,
            "preferredStockAndOtherAdjustments": null
        },
        "1988-12-31": {
            "date": "1988-12-31",
            "filing_date": "1988-12-31",
            "currency_symbol": "EUR",
            "researchDevelopment": null,
            "effectOfAccountingCharges": null,
            "incomeBeforeTax": null,
            "minorityInterest": null,
            "netIncome": "296947500.00",
            "sellingGeneralAdministrative": null,
            "sellingAndMarketingExpenses": null,
            "grossProfit": null,
            "reconciledDepreciation": null,
            "ebit": null,
            "ebitda": "296947500.00",
            "depreciationAndAmortization": null,
            "nonOperatingIncomeNetOther": null,
            "operatingIncome": "296947500.00",
            "otherOperatingExpenses": "296947500.00",
            "interestExpense": null,
            "taxProvision": null,
            "interestIncome": null,
            "netInterestIncome": null,
            "extraordinaryItems": null,
            "nonRecurring": null,
            "otherItems": null,
            "incomeTaxExpense": "-296947500.00",
            "totalRevenue": null,
            "totalOperatingExpenses": "296947500.00",
            "costOfRevenue": null,
            "totalOtherIncomeExpenseNet": null,
            "discontinuedOperations": null,
            "netIncomeFromContinuingOps": null,
            "netIncomeApplicableToCommonShares": null,
            "preferredStockAndOtherAdjustments": null
        },
        "1987-12-31": {
            "date": "1987-12-31",
            "filing_date": "1987-12-31",
            "currency_symbol": "EUR",
            "researchDevelopment": null,
            "effectOfAccountingCharges": null,
            "incomeBeforeTax": null,
            "minorityInterest": null,
            "netIncome": "227422566.00",
            "sellingGeneralAdministrative": null,
            "sellingAndMarketingExpenses": null,
            "grossProfit": null,
            "reconciledDepreciation": null,
            "ebit": null,
            "ebitda": "227422566.00",
            "depreciationAndAmortization": null,
            "nonOperatingIncomeNetOther": null,
            "operatingIncome": "227422566.00",
            "otherOperatingExpenses": "227422566.00",
            "interestExpense": null,
            "taxProvision": null,
            "interestIncome": null,
            "netInterestIncome": null,
            "extraordinaryItems": null,
            "nonRecurring": null,
            "otherItems": null,
            "incomeTaxExpense": "-227422566.00",
            "totalRevenue": null,
            "totalOperatingExpenses": "227422566.00",
            "costOfRevenue": null,
            "totalOtherIncomeExpenseNet": null,
            "discontinuedOperations": null,
            "netIncomeFromContinuingOps": null,
            "netIncomeApplicableToCommonShares": null,
            "preferredStockAndOtherAdjustments": null
        }
    }
}