{
    "currency_symbol": "EUR",
    "quarterly": {
        "2025-06-30": {
            "date": "2025-06-30",
            "filing_date": "2025-06-30",
            "currency_symbol": "EUR",
            "researchDevelopment": "1616000000.00",
            "effectOfAccountingCharges": null,
            "incomeBeforeTax": "2502000000.00",
            "minorityInterest": "-52000000.00",
            "netIncome": "1697000000.00",
            "sellingGeneralAdministrative": "2448000000.00",
            "sellingAndMarketingExpenses": null,
            "grossProfit": "6644000000.00",
            "reconciledDepreciation": "319000000.00",
            "ebit": "2770000000.00",
            "ebitda": "3089000000.00",
            "depreciationAndAmortization": "319000000.00",
            "nonOperatingIncomeNetOther": null,
            "operatingIncome": "2579000000.00",
            "otherOperatingExpenses": "6448000000.00",
            "interestExpense": "268000000.00",
            "taxProvision": "753000000.00",
            "interestIncome": "491000000.00",
            "netInterestIncome": "49000000.00",
            "extraordinaryItems": null,
            "nonRecurring": null,
            "otherItems": null,
            "incomeTaxExpense": "753000000.00",
            "totalRevenue": "9027000000.00",
            "totalOperatingExpenses": "4065000000.00",
            "costOfRevenue": "2383000000.00",
            "totalOtherIncomeExpenseNet": "-77000000.00",
            "discontinuedOperations": null,
            "netIncomeFromContinuingOps": "1749000000.00",
            "netIncomeApplicableToCommonShares": "1697000000.00",
            "preferredStockAndOtherAdjustments": null
        },
        "2025-03-31": {
            "date": "2025-03-31",
            "filing_date": "2025-03-31",
            "currency_symbol": "EUR",
            "researchDevelopment": "1673000000.00",
            "effectOfAccountingCharges": null,
            "incomeBeforeTax": "2468000000.00",
            "minorityInterest": "-16000000.00",
            "netIncome": "1780000000.00",
            "sellingGeneralAdministrative": "358000000.00",
            "sellingAndMarketingExpenses": "2235000000.00",
            "grossProfit": "6607000000.00",
            "reconciledDepreciation": "349000000.00",
            "ebit": "2748000000.00",
            "ebitda": "3097000000.00",
            "depreciationAndAmortization": "349000000.00",
            "nonOperatingIncomeNetOther": null,
            "operatingIncome": "2333000000.00",
            "otherOperatingExpenses": "6680000000.00",
            "interestExpense": "280000000.00",
            "taxProvision": "672000000.00",
            "interestIncome": "405000000.00",
            "netInterestIncome": "125000000.00",
            "extraordinaryItems": null,
            "nonRecurring": null,
            "otherItems": null,
            "incomeTaxExpense": "672000000.00",
            "totalRevenue": "9013000000.00",
            "totalOperatingExpenses": "4274000000.00",
            "costOfRevenue": "2406000000.00",
            "totalOtherIncomeExpenseNet": "135000000.00",
            "discontinuedOperations": null,
            "netIncomeFromContinuingOps": "1796000000.00",
            "netIncomeApplicableToCommonShares": "1780000000.00",
            "preferredStockAndOtherAdjustments": null
        },
        "2024-12-31": {
            "date": "2024-12-31",
            "filing_date": "2024-12-31",
            "currency_symbol": "EUR",
            "researchDevelopment": "1675000000.00",
            "effectOfAccountingCharges": null,
            "incomeBeforeTax": "2207000000.00",
            "minorityInterest": "-15000000.00",
            "netIncome": "1601000000.00",
            "sellingGeneralAdministrative": "378000000.00",
            "sellingAndMarketingExpenses": "2496000000.00",
            "grossProfit": "6942000000.00",
            "reconciledDepreciation": "337000000.00",
            "ebit": "1908000000.00",
            "ebitda": "2245000000.00",
            "depreciationAndAmortization": "337000000.00",
            "nonOperatingIncomeNetOther": null,
            "operatingIncome": "2017000000.00",
            "otherOperatingExpenses": "7360000000.00",
            "interestExpense": "305000000.00",
            "taxProvision": "591000000.00",
            "interestIncome": "411000000.00",
            "netInterestIncome": "-353000000.00",
            "extraordinaryItems": "0.00",
            "nonRecurring": null,
            "otherItems": null,
            "incomeTaxExpense": "591000000.00",
            "totalRevenue": "9377000000.00",
            "totalOperatingExpenses": "4925000000.00",
            "costOfRevenue": "2435000000.00",
            "totalOtherIncomeExpenseNet": "190000000.00",
            "discontinuedOperations": null,
            "netIncomeFromContinuingOps": "1616000000.00",
            "netIncomeApplicableToCommonShares": "1601000000.00",
            "preferredStockAndOtherAdjustments": null
        },
        "2024-09-30": {
            "date": "2024-09-30",
            "filing_date": "2024-09-30",
            "currency_symbol": "EUR",
            "researchDevelopment": "1568000000.00",
            "effectOfAccountingCharges": null,
            "incomeBeforeTax": "2151000000.00",
            "minorityInterest": "23000000.00",
            "netIncome": "1463000000.00",
            "sellingGeneralAdministrative": "361000000.00",
            "sellingAndMarketingExpenses": "2098000000.00",
            "grossProfit": "6212000000.00",
            "reconciledDepreciation": "317000000.00",
            "ebit": "2392000000.00",
            "ebitda": "2709000000.00",
            "depreciationAndAmortization": "317000000.00",
            "nonOperatingIncomeNetOther": null,
            "operatingIncome": "2214000000.00",
            "otherOperatingExpenses": "6256000000.00",
            "interestExpense": "241000000.00",
            "taxProvision": "710000000.00",
            "interestIncome": "240000000.00",
            "netInterestIncome": "-1000000.00",
            "extraordinaryItems": "0.00",
            "nonRecurring": null,
            "otherItems": null,
            "incomeTaxExpense": "710000000.00",
            "totalRevenue": "8470000000.00",
            "totalOperatingExpenses": "3998000000.00",
            "costOfRevenue": "2258000000.00",
            "totalOtherIncomeExpenseNet": "-63000000.00",
            "discontinuedOperations": null,
            "netIncomeFromContinuingOps": "1441000000.00",
            "netIncomeApplicableToCommonShares": "1463000000.00",
            "preferredStockAndOtherAdjustments": null
        },
        "2024-06-30": {
            "date": "2024-06-30",
            "filing_date": "2024-06-30",
            "currency_symbol": "EUR",
            "researchDevelopment": "1605000000.00",
            "effectOfAccountingCharges": null,
            "incomeBeforeTax": "1387000000.00",
            "minorityInterest": "-30000000.00",
            "netIncome": "888000000.00",
            "sellingGeneralAdministrative": "336000000.00",
            "sellingAndMarketingExpenses": "2217000000.00",
            "grossProfit": "6017000000.00",
            "reconciledDepreciation": "313000000.00",
            "ebit": "1629000000.00",
            "ebitda": "1942000000.00",
            "depreciationAndAmortization": "313000000.00",
            "nonOperatingIncomeNetOther": null,
            "operatingIncome": "1222000000.00",
            "otherOperatingExpenses": "7067000000.00",
            "interestExpense": "242000000.00",
            "taxProvision": "469000000.00",
            "interestIncome": "412000000.00",
            "netInterestIncome": "170000000.00",
            "extraordinaryItems": null,
            "nonRecurring": null,
            "otherItems": null,
            "incomeTaxExpense": "469000000.00",
            "totalRevenue": "8289000000.00",
            "totalOperatingExpenses": "4795000000.00",
            "costOfRevenue": "2272000000.00",
            "totalOtherIncomeExpenseNet": "165000000.00",
            "discontinuedOperations": null,
            "netIncomeFromContinuingOps": "918000000.00",
            "netIncomeApplicableToCommonShares": null,
            "preferredStockAndOtherAdjustments": null
        },
        "2024-03-31": {
            "date": "2024-03-31",
            "filing_date": "2024-03-31",
            "currency_symbol": "EUR",
            "researchDevelopment": "1665000000.00",
            "effectOfAccountingCharges": null,
            "incomeBeforeTax": "-980000000.00",
            "minorityInterest": "-4000000.00",
            "netIncome": "-828000000.00",
            "sellingGeneralAdministrative": "360000000.00",
            "sellingAndMarketingExpenses": "2278000000.00",
            "grossProfit": "5762000000.00",
            "reconciledDepreciation": "313000000.00",
            "ebit": "1506000000.00",
            "ebitda": "1819000000.00",
            "depreciationAndAmortization": "313000000.00",
            "nonOperatingIncomeNetOther": null,
            "operatingIncome": "-787000000.00",
            "otherOperatingExpenses": "8828000000.00",
            "interestExpense": "244000000.00",
            "taxProvision": "-157000000.00",
            "interestIncome": "199000000.00",
            "netInterestIncome": "-45000000.00",
            "extraordinaryItems": null,
            "nonRecurring": null,
            "otherItems": null,
            "incomeTaxExpense": "-157000000.00",
            "totalRevenue": "8041000000.00",
            "totalOperatingExpenses": "6549000000.00",
            "costOfRevenue": "2279000000.00",
            "totalOtherIncomeExpenseNet": "787000000.00",
            "discontinuedOperations": null,
            "netIncomeFromContinuingOps": "-824000000.00",
            "netIncomeApplicableToCommonShares": null,
            "preferredStockAndOtherAdjustments": null
        },
        "2023-12-31": {
            "date": "2023-12-31",
            "filing_date": "2023-12-31",
            "currency_symbol": "EUR",
            "researchDevelopment": "1667000000.00",
            "effectOfAccountingCharges": null,
            "incomeBeforeTax": "1761000000.00",
            "minorityInterest": "20000000.00",
            "netIncome": "1185000000.00",
            "sellingGeneralAdministrative": "367000000.00",
            "sellingAndMarketingExpenses": "2266000000.00",
            "grossProfit": "6208000000.00",
            "reconciledDepreciation": "331000000.00",
            "ebit": "1985000000.00",
            "ebitda": "2316000000.00",
            "depreciationAndAmortization": "331000000.00",
            "nonOperatingIncomeNetOther": null,
            "operatingIncome": "1985000000.00",
            "otherOperatingExpenses": "6483000000.00",
            "interestExpense": "195000000.00",
            "taxProvision": "609000000.00",
            "interestIncome": "284000000.00",
            "netInterestIncome": "-93000000.00",
            "extraordinaryItems": null,
            "nonRecurring": null,
            "otherItems": null,
            "incomeTaxExpense": "595000000.00",
            "totalRevenue": "8468000000.00",
            "totalOperatingExpenses": "4223000000.00",
            "costOfRevenue": "2260000000.00",
            "totalOtherIncomeExpenseNet": "-224000000.00",
            "discontinuedOperations": null,
            "netIncomeFromContinuingOps": "1201000000.00",
            "netIncomeApplicableToCommonShares": null,
            "preferredStockAndOtherAdjustments": null
        },
        "2023-09-30": {
            "date": "2023-09-30",
            "filing_date": "2023-09-30",
            "currency_symbol": "EUR",
            "researchDevelopment": "1515000000.00",
            "effectOfAccountingCharges": null,
            "incomeBeforeTax": "1761000000.00",
            "minorityInterest": "6000000.00",
            "netIncome": "1278000000.00",
            "sellingGeneralAdministrative": "327000000.00",
            "sellingAndMarketingExpenses": "2105000000.00",
            "grossProfit": "5636000000.00",
            "reconciledDepreciation": "328000000.00",
            "ebit": "2004000000.00",
            "ebitda": "2332000000.00",
            "depreciationAndAmortization": "328000000.00",
            "nonOperatingIncomeNetOther": null,
            "operatingIncome": "1724000000.00",
            "otherOperatingExpenses": "6057000000.00",
            "interestExpense": "279000000.00",
            "taxProvision": "489000000.00",
            "interestIncome": "50000000.00",
            "netInterestIncome": "-75000000.00",
            "extraordinaryItems": "0.00",
            "nonRecurring": null,
            "otherItems": null,
            "incomeTaxExpense": "489000000.00",
            "totalRevenue": "7744000000.00",
            "totalOperatingExpenses": "3949000000.00",
            "costOfRevenue": "2108000000.00",
            "totalOtherIncomeExpenseNet": "148000000.00",
            "discontinuedOperations": null,
            "netIncomeFromContinuingOps": "1272000000.00",
            "netIncomeApplicableToCommonShares": "1278000000.00",
            "preferredStockAndOtherAdjustments": null
        },
        "2023-06-30": {
            "date": "2023-06-30",
            "filing_date": "2023-06-30",
            "currency_symbol": "EUR",
            "researchDevelopment": "1565000000.00",
            "effectOfAccountingCharges": null,
            "incomeBeforeTax": "1093000000.00",
            "minorityInterest": "74000000.00",
            "netIncome": "729000000.00",
            "sellingGeneralAdministrative": "322000000.00",
            "sellingAndMarketingExpenses": "2165000000.00",
            "grossProfit": "5410000000.00",
            "reconciledDepreciation": "349000000.00",
            "ebit": "1358000000.00",
            "ebitda": "1802000000.00",
            "depreciationAndAmortization": "444000000.00",
            "nonOperatingIncomeNetOther": null,
            "operatingIncome": "1358000000.00",
            "otherOperatingExpenses": "6200000000.00",
            "interestExpense": "363000000.00",
            "taxProvision": "369000000.00",
            "interestIncome": "11000000.00",
            "netInterestIncome": "-175000000.00",
            "extraordinaryItems": "2657000000.00",
            "nonRecurring": null,
            "otherItems": null,
            "incomeTaxExpense": "369000000.00",
            "totalRevenue": "7555000000.00",
            "totalOperatingExpenses": "4055000000.00",
            "costOfRevenue": "2145000000.00",
            "totalOtherIncomeExpenseNet": "-265000000.00",
            "discontinuedOperations": "2656000000.00",
            "netIncomeFromContinuingOps": "724000000.00",
            "netIncomeApplicableToCommonShares": "3454000000.00",
            "preferredStockAndOtherAdjustments": null
        },
        "2023-03-31": {
            "date": "2023-03-31",
            "filing_date": "2023-03-31",
            "currency_symbol": "EUR",
            "researchDevelopment": "1573000000.00",
            "effectOfAccountingCharges": null,
            "incomeBeforeTax": "677000000.00",
            "minorityInterest": "3000000.00",
            "netIncome": "406000000.00",
            "sellingGeneralAdministrative": "348000000.00",
            "sellingAndMarketingExpenses": "2291000000.00",
            "grossProfit": "5285000000.00",
            "reconciledDepreciation": "365000000.00",
            "ebit": "1230000000.00",
            "ebitda": "1595000000.00",
            "depreciationAndAmortization": "365000000.00",
            "nonOperatingIncomeNetOther": null,
            "operatingIncome": "1230000000.00",
            "otherOperatingExpenses": "6376000000.00",
            "interestExpense": "293000000.00",
            "taxProvision": "274000000.00",
            "interestIncome": "30000000.00",
            "netInterestIncome": "-112000000.00",
            "extraordinaryItems": "106000000.00",
            "nonRecurring": null,
            "otherItems": null,
            "incomeTaxExpense": "274000000.00",
            "totalRevenue": "7441000000.00",
            "totalOperatingExpenses": "4220000000.00",
            "costOfRevenue": "2156000000.00",
            "totalOtherIncomeExpenseNet": "-553000000.00",
            "discontinuedOperations": "2656000000.00",
            "netIncomeFromContinuingOps": "403000000.00",
            "netIncomeApplicableToCommonShares": "479000000.00",
            "preferredStockAndOtherAdjustments": null
        },
        "2022-12-31": {
            "date": "2022-12-31",
            "filing_date": "2022-12-31",
            "currency_symbol": "EUR",
            "researchDevelopment": "1622000000.00",
            "effectOfAccountingCharges": null,
            "incomeBeforeTax": "757000000.00",
            "minorityInterest": "215000000.00",
            "netIncome": "541000000.00",
            "sellingGeneralAdministrative": "517000000.00",
            "sellingAndMarketingExpenses": "2356000000.00",
            "grossProfit": "6064000000.00",
            "reconciledDepreciation": "471000000.00",
            "ebit": "908000000.00",
            "ebitda": "1379000000.00",
            "depreciationAndAmortization": "471000000.00",
            "nonOperatingIncomeNetOther": null,
            "operatingIncome": "1705000000.00",
            "otherOperatingExpenses": "6732000000.00",
            "interestExpense": "151000000.00",
            "taxProvision": "427000000.00",
            "interestIncome": "919000000.00",
            "netInterestIncome": "-880000000.00",
            "extraordinaryItems": null,
            "nonRecurring": null,
            "otherItems": null,
            "incomeTaxExpense": "431000000.00",
            "totalRevenue": "8437000000.00",
            "totalOperatingExpenses": "4359000000.00",
            "costOfRevenue": "2373000000.00",
            "totalOtherIncomeExpenseNet": "-948000000.00",
            "discontinuedOperations": "2656000000.00",
            "netIncomeFromContinuingOps": "332000000.00",
            "netIncomeApplicableToCommonShares": "547000000.00",
            "preferredStockAndOtherAdjustments": null
        },
        "2022-09-30": {
            "date": "2022-09-30",
            "filing_date": "2022-09-30",
            "currency_symbol": "EUR",
            "researchDevelopment": "1571000000.00",
            "effectOfAccountingCharges": null,
            "incomeBeforeTax": "1170000000.00",
            "minorityInterest": "123000000.00",
            "netIncome": "669000000.00",
            "sellingGeneralAdministrative": "333000000.00",
            "sellingAndMarketingExpenses": "1997000000.00",
            "grossProfit": "5439000000.00",
            "reconciledDepreciation": "492000000.00",
            "ebit": "1269000000.00",
            "ebitda": "1675000000.00",
            "depreciationAndAmortization": "406000000.00",
            "nonOperatingIncomeNetOther": null,
            "operatingIncome": "1557000000.00",
            "otherOperatingExpenses": "5920000000.00",
            "interestExpense": "99000000.00",
            "taxProvision": "304000000.00",
            "interestIncome": "306000000.00",
            "netInterestIncome": "-331000000.00",
            "extraordinaryItems": null,
            "nonRecurring": null,
            "otherItems": null,
            "incomeTaxExpense": "332000000.00",
            "totalRevenue": "7477000000.00",
            "totalOperatingExpenses": "3883000000.00",
            "costOfRevenue": "2037000000.00",
            "totalOtherIncomeExpenseNet": "-387000000.00",
            "discontinuedOperations": null,
            "netIncomeFromContinuingOps": "546000000.00",
            "netIncomeApplicableToCommonShares": "669000000.00",
            "preferredStockAndOtherAdjustments": null
        },
        "2022-06-30": {
            "date": "2022-06-30",
            "filing_date": "2022-06-30",
            "currency_symbol": "EUR",
            "researchDevelopment": "1514000000.00",
            "effectOfAccountingCharges": null,
            "incomeBeforeTax": "930000000.00",
            "minorityInterest": "131000000.00",
            "netIncome": "334000000.00",
            "sellingGeneralAdministrative": "341000000.00",
            "sellingAndMarketingExpenses": "2100000000.00",
            "grossProfit": "5240000000.00",
            "reconciledDepreciation": "473000000.00",
            "ebit": "1000000000.00",
            "ebitda": "1391000000.00",
            "depreciationAndAmortization": "391000000.00",
            "nonOperatingIncomeNetOther": null,
            "operatingIncome": "1060000000.00",
            "otherOperatingExpenses": "6146000000.00",
            "interestExpense": "70000000.00",
            "taxProvision": "335000000.00",
            "interestIncome": "178000000.00",
            "netInterestIncome": "-118000000.00",
            "extraordinaryItems": null,
            "nonRecurring": null,
            "otherItems": null,
            "incomeTaxExpense": "318000000.00",
            "totalRevenue": "7206000000.00",
            "totalOperatingExpenses": "4179000000.00",
            "costOfRevenue": "1967000000.00",
            "totalOtherIncomeExpenseNet": "-130000000.00",
            "discontinuedOperations": null,
            "netIncomeFromContinuingOps": "203000000.00",
            "netIncomeApplicableToCommonShares": "334000000.00",
            "preferredStockAndOtherAdjustments": null
        },
        "2022-03-31": {
            "date": "2022-03-31",
            "filing_date": "2022-03-31",
            "currency_symbol": "EUR",
            "researchDevelopment": "1396000000.00",
            "effectOfAccountingCharges": null,
            "incomeBeforeTax": "1365000000.00",
            "minorityInterest": "108000000.00",
            "netIncome": "1023000000.00",
            "sellingGeneralAdministrative": "270000000.00",
            "sellingAndMarketingExpenses": "1742000000.00",
            "grossProfit": "4888000000.00",
            "reconciledDepreciation": "460000000.00",
            "ebit": "1444000000.00",
            "ebitda": "1827000000.00",
            "depreciationAndAmortization": "383000000.00",
            "nonOperatingIncomeNetOther": null,
            "operatingIncome": "1471000000.00",
            "otherOperatingExpenses": "5302000000.00",
            "interestExpense": "79000000.00",
            "taxProvision": "313000000.00",
            "interestIncome": "342000000.00",
            "netInterestIncome": "-56000000.00",
            "extraordinaryItems": null,
            "nonRecurring": null,
            "otherItems": null,
            "incomeTaxExpense": "349000000.00",
            "totalRevenue": "6773000000.00",
            "totalOperatingExpenses": "3417000000.00",
            "costOfRevenue": "1885000000.00",
            "totalOtherIncomeExpenseNet": "-106000000.00",
            "discontinuedOperations": null,
            "netIncomeFromContinuingOps": "632000000.00",
            "netIncomeApplicableToCommonShares": "740000000.00",
            "preferredStockAndOtherAdjustments": null
        },
        "2021-12-31": {
            "date": "2021-12-31",
            "filing_date": "2021-12-31",
            "currency_symbol": "EUR",
            "researchDevelopment": "1412000000.00",
            "effectOfAccountingCharges": null,
            "incomeBeforeTax": "1957000000.00",
            "minorityInterest": "13000000.00",
            "netIncome": "1454000000.00",
            "sellingGeneralAdministrative": "757000000.00",
            "sellingAndMarketingExpenses": "2169000000.00",
            "grossProfit": "5824000000.00",
            "reconciledDepreciation": "467000000.00",
            "ebit": "2037000000.00",
            "ebitda": "2504000000.00",
            "depreciationAndAmortization": "467000000.00",
            "nonOperatingIncomeNetOther": null,
            "operatingIncome": "1463000000.00",
            "otherOperatingExpenses": "6517000000.00",
            "interestExpense": "80000000.00",
            "taxProvision": "513000000.00",
            "interestIncome": "551000000.00",
            "netInterestIncome": "523000000.00",
            "extraordinaryItems": null,
            "nonRecurring": null,
            "otherItems": null,
            "incomeTaxExpense": "517000000.00",
            "totalRevenue": "7980000000.00",
            "totalOperatingExpenses": "4359000000.00",
            "costOfRevenue": "2158000000.00",
            "totalOtherIncomeExpenseNet": "494000000.00",
            "discontinuedOperations": null,
            "netIncomeFromContinuingOps": "1450000000.00",
            "netIncomeApplicableToCommonShares": "1454000000.00",
            "preferredStockAndOtherAdjustments": null
        },
        "2021-09-30": {
            "date": "2021-09-30",
            "filing_date": "2021-09-30",
            "currency_symbol": "EUR",
            "researchDevelopment": "1300000000.00",
            "effectOfAccountingCharges": null,
            "incomeBeforeTax": "1749000000.00",
            "minorityInterest": "-12000000.00",
            "netIncome": "1406000000.00",
            "sellingGeneralAdministrative": "576000000.00",
            "sellingAndMarketingExpenses": "1845000000.00",
            "grossProfit": "4887000000.00",
            "reconciledDepreciation": "437000000.00",
            "ebit": "1811000000.00",
            "ebitda": "2248000000.00",
            "depreciationAndAmortization": "437000000.00",
            "nonOperatingIncomeNetOther": null,
            "operatingIncome": "1249000000.00",
            "otherOperatingExpenses": "5596000000.00",
            "interestExpense": "62000000.00",
            "taxProvision": "331000000.00",
            "interestIncome": "534000000.00",
            "netInterestIncome": "484000000.00",
            "extraordinaryItems": null,
            "nonRecurring": null,
            "otherItems": null,
            "incomeTaxExpense": "331000000.00",
            "totalRevenue": "6845000000.00",
            "totalOperatingExpenses": "3638000000.00",
            "costOfRevenue": "1958000000.00",
            "totalOtherIncomeExpenseNet": "500000000.00",
            "discontinuedOperations": null,
            "netIncomeFromContinuingOps": "1418000000.00",
            "netIncomeApplicableToCommonShares": "1406000000.00",
            "preferredStockAndOtherAdjustments": null
        },
        "2021-06-30": {
            "date": "2021-06-30",
            "filing_date": "2021-06-30",
            "currency_symbol": "EUR",
            "researchDevelopment": "1306000000.00",
            "effectOfAccountingCharges": null,
            "incomeBeforeTax": "1804000000.00",
            "minorityInterest": "1492000000.00",
            "netIncome": "1356000000.00",
            "sellingGeneralAdministrative": "593000000.00",
            "sellingAndMarketingExpenses": "1828000000.00",
            "grossProfit": "4723000000.00",
            "reconciledDepreciation": "435000000.00",
            "ebit": "1886000000.00",
            "ebitda": "2321000000.00",
            "depreciationAndAmortization": "435000000.00",
            "nonOperatingIncomeNetOther": null,
            "operatingIncome": "984000000.00",
            "otherOperatingExpenses": "5686000000.00",
            "interestExpense": "82000000.00",
            "taxProvision": "355000000.00",
            "interestIncome": "1002000000.00",
            "netInterestIncome": "853000000.00",
            "extraordinaryItems": null,
            "nonRecurring": null,
            "otherItems": null,
            "incomeTaxExpense": "355000000.00",
            "totalRevenue": "6670000000.00",
            "totalOperatingExpenses": "3740000000.00",
            "costOfRevenue": "1946000000.00",
            "totalOtherIncomeExpenseNet": "820000000.00",
            "discontinuedOperations": null,
            "netIncomeFromContinuingOps": "1449000000.00",
            "netIncomeApplicableToCommonShares": "1356000000.00",
            "preferredStockAndOtherAdjustments": null
        },
        "2021-03-31": {
            "date": "2021-03-31",
            "filing_date": "2021-03-31",
            "currency_symbol": "EUR",
            "researchDevelopment": "1171000000.00",
            "effectOfAccountingCharges": null,
            "incomeBeforeTax": "1337000000.00",
            "minorityInterest": "1278000000.00",
            "netIncome": "1040000000.00",
            "sellingGeneralAdministrative": "505000000.00",
            "sellingAndMarketingExpenses": "1663000000.00",
            "grossProfit": "4464000000.00",
            "reconciledDepreciation": "436000000.00",
            "ebit": "1408000000.00",
            "ebitda": "1844000000.00",
            "depreciationAndAmortization": "436000000.00",
            "nonOperatingIncomeNetOther": null,
            "operatingIncome": "960000000.00",
            "otherOperatingExpenses": "5387000000.00",
            "interestExpense": "71000000.00",
            "taxProvision": "267000000.00",
            "interestIncome": "547000000.00",
            "netInterestIncome": "315000000.00",
            "extraordinaryItems": null,
            "nonRecurring": null,
            "otherItems": null,
            "incomeTaxExpense": "267000000.00",
            "totalRevenue": "6347000000.00",
            "totalOperatingExpenses": "3503000000.00",
            "costOfRevenue": "1884000000.00",
            "totalOtherIncomeExpenseNet": "377000000.00",
            "discontinuedOperations": null,
            "netIncomeFromContinuingOps": "1070000000.00",
            "netIncomeApplicableToCommonShares": "1040000000.00",
            "preferredStockAndOtherAdjustments": null
        },
        "2020-12-31": {
            "date": "2020-12-31",
            "filing_date": "2020-12-31",
            "currency_symbol": "EUR",
            "researchDevelopment": "1131000000.00",
            "effectOfAccountingCharges": null,
            "incomeBeforeTax": "2706000000.00",
            "minorityInterest": "211000000.00",
            "netIncome": "1908000000.00",
            "sellingGeneralAdministrative": "282000000.00",
            "sellingAndMarketingExpenses": "1744000000.00",
            "grossProfit": "5637000000.00",
            "reconciledDepreciation": "462000000.00",
            "ebit": "3132000000.00",
            "ebitda": "3594000000.00",
            "depreciationAndAmortization": "462000000.00",
            "nonOperatingIncomeNetOther": null,
            "operatingIncome": "2656000000.00",
            "otherOperatingExpenses": "4883000000.00",
            "interestExpense": "84000000.00",
            "taxProvision": "773000000.00",
            "interestIncome": "128000000.00",
            "netInterestIncome": "107000000.00",
            "extraordinaryItems": null,
            "nonRecurring": null,
            "otherItems": null,
            "incomeTaxExpense": "772000000.00",
            "totalRevenue": "7539000000.00",
            "totalOperatingExpenses": "2980000000.00",
            "costOfRevenue": "1903000000.00",
            "totalOtherIncomeExpenseNet": "50000000.00",
            "discontinuedOperations": null,
            "netIncomeFromContinuingOps": "1930000000.00",
            "netIncomeApplicableToCommonShares": "1908000000.00",
            "preferredStockAndOtherAdjustments": null
        },
        "2020-09-30": {
            "date": "2020-09-30",
            "filing_date": "2020-09-30",
            "currency_symbol": "EUR",
            "researchDevelopment": "1113000000.00",
            "effectOfAccountingCharges": null,
            "incomeBeforeTax": "2070000000.00",
            "minorityInterest": "180000000.00",
            "netIncome": "1556000000.00",
            "sellingGeneralAdministrative": "345000000.00",
            "sellingAndMarketingExpenses": "1678000000.00",
            "grossProfit": "4646000000.00",
            "reconciledDepreciation": "444000000.00",
            "ebit": "2146000000.00",
            "ebitda": "2590000000.00",
            "depreciationAndAmortization": "444000000.00",
            "nonOperatingIncomeNetOther": null,
            "operatingIncome": "1473000000.00",
            "otherOperatingExpenses": "5063000000.00",
            "interestExpense": "76000000.00",
            "taxProvision": "418000000.00",
            "interestIncome": "628000000.00",
            "netInterestIncome": "616000000.00",
            "extraordinaryItems": null,
            "nonRecurring": null,
            "otherItems": null,
            "incomeTaxExpense": "418000000.00",
            "totalRevenue": "6536000000.00",
            "totalOperatingExpenses": "3173000000.00",
            "costOfRevenue": "1890000000.00",
            "totalOtherIncomeExpenseNet": "597000000.00",
            "discontinuedOperations": null,
            "netIncomeFromContinuingOps": "1652000000.00",
            "netIncomeApplicableToCommonShares": "1556000000.00",
            "preferredStockAndOtherAdjustments": null
        },
        "2020-06-30": {
            "date": "2020-06-30",
            "filing_date": "2020-06-30",
            "currency_symbol": "EUR",
            "researchDevelopment": "1159000000.00",
            "effectOfAccountingCharges": null,
            "incomeBeforeTax": "1322000000.00",
            "minorityInterest": "89000000.00",
            "netIncome": "866000000.00",
            "sellingGeneralAdministrative": "414000000.00",
            "sellingAndMarketingExpenses": "1833000000.00",
            "grossProfit": "4716000000.00",
            "reconciledDepreciation": "461000000.00",
            "ebit": "1416000000.00",
            "ebitda": "1877000000.00",
            "depreciationAndAmortization": "461000000.00",
            "nonOperatingIncomeNetOther": null,
            "operatingIncome": "1284000000.00",
            "otherOperatingExpenses": "5459000000.00",
            "interestExpense": "94000000.00",
            "taxProvision": "437000000.00",
            "interestIncome": "153000000.00",
            "netInterestIncome": "92000000.00",
            "extraordinaryItems": null,
            "nonRecurring": null,
            "otherItems": null,
            "incomeTaxExpense": "437000000.00",
            "totalRevenue": "6743000000.00",
            "totalOperatingExpenses": "3431000000.00",
            "costOfRevenue": "2028000000.00",
            "totalOtherIncomeExpenseNet": "38000000.00",
            "discontinuedOperations": null,
            "netIncomeFromContinuingOps": "885000000.00",
            "netIncomeApplicableToCommonShares": "867000000.00",
            "preferredStockAndOtherAdjustments": null
        },
        "2020-03-31": {
            "date": "2020-03-31",
            "filing_date": "2020-03-31",
            "currency_symbol": "EUR",
            "researchDevelopment": "1051000000.00",
            "effectOfAccountingCharges": null,
            "incomeBeforeTax": "1122000000.00",
            "minorityInterest": "73000000.00",
            "netIncome": "814000000.00",
            "sellingGeneralAdministrative": "315000000.00",
            "sellingAndMarketingExpenses": "1851000000.00",
            "grossProfit": "4455000000.00",
            "reconciledDepreciation": "464000000.00",
            "ebit": "1223000000.00",
            "ebitda": "1687000000.00",
            "depreciationAndAmortization": "464000000.00",
            "nonOperatingIncomeNetOther": null,
            "operatingIncome": "1210000000.00",
            "otherOperatingExpenses": "5311000000.00",
            "interestExpense": "101000000.00",
            "taxProvision": "310000000.00",
            "interestIncome": "22000000.00",
            "netInterestIncome": "-39000000.00",
            "extraordinaryItems": null,
            "nonRecurring": null,
            "otherItems": null,
            "incomeTaxExpense": "310000000.00",
            "totalRevenue": "6521000000.00",
            "totalOperatingExpenses": "3245000000.00",
            "costOfRevenue": "2066000000.00",
            "totalOtherIncomeExpenseNet": "-88000000.00",
            "discontinuedOperations": null,
            "netIncomeFromContinuingOps": "812000000.00",
            "netIncomeApplicableToCommonShares": "814000000.00",
            "preferredStockAndOtherAdjustments": null
        },
        "2019-12-31": {
            "date": "2019-12-31",
            "filing_date": "2019-12-31",
            "currency_symbol": "EUR",
            "researchDevelopment": "1203000000.00",
            "effectOfAccountingCharges": null,
            "incomeBeforeTax": "2219000000.00",
            "minorityInterest": "76000000.00",
            "netIncome": "1620000000.00",
            "sellingGeneralAdministrative": "411000000.00",
            "sellingAndMarketingExpenses": "2086000000.00",
            "grossProfit": "5855000000.00",
            "reconciledDepreciation": "501000000.00",
            "ebit": "2597000000.00",
            "ebitda": "3098000000.00",
            "depreciationAndAmortization": "501000000.00",
            "nonOperatingIncomeNetOther": null,
            "operatingIncome": "2103000000.00",
            "otherOperatingExpenses": "5937000000.00",
            "interestExpense": "73000000.00",
            "taxProvision": "582000000.00",
            "interestIncome": "118000000.00",
            "netInterestIncome": "128000000.00",
            "extraordinaryItems": null,
            "nonRecurring": null,
            "otherItems": null,
            "incomeTaxExpense": "582000000.00",
            "totalRevenue": "8040000000.00",
            "totalOperatingExpenses": "3751000000.00",
            "costOfRevenue": "2186000000.00",
            "totalOtherIncomeExpenseNet": "116000000.00",
            "discontinuedOperations": null,
            "netIncomeFromContinuingOps": "1637000000.00",
            "netIncomeApplicableToCommonShares": "1620000000.00",
            "preferredStockAndOtherAdjustments": null
        },
        "2019-09-30": {
            "date": "2019-09-30",
            "filing_date": "2019-09-30",
            "currency_symbol": "EUR",
            "researchDevelopment": "975000000.00",
            "effectOfAccountingCharges": null,
            "incomeBeforeTax": "1702000000.00",
            "minorityInterest": "69000000.00",
            "netIncome": "1246000000.00",
            "sellingGeneralAdministrative": "323000000.00",
            "sellingAndMarketingExpenses": "1774000000.00",
            "grossProfit": "4773000000.00",
            "reconciledDepreciation": "474000000.00",
            "ebit": "1815000000.00",
            "ebitda": "2289000000.00",
            "depreciationAndAmortization": "474000000.00",
            "nonOperatingIncomeNetOther": null,
            "operatingIncome": "1679000000.00",
            "otherOperatingExpenses": "5112000000.00",
            "interestExpense": "211000000.00",
            "taxProvision": "443000000.00",
            "interestIncome": "69000000.00",
            "netInterestIncome": "42000000.00",
            "extraordinaryItems": null,
            "nonRecurring": null,
            "otherItems": null,
            "incomeTaxExpense": "443000000.00",
            "totalRevenue": "6791000000.00",
            "totalOperatingExpenses": "3095000000.00",
            "costOfRevenue": "2017000000.00",
            "totalOtherIncomeExpenseNet": "23000000.00",
            "discontinuedOperations": null,
            "netIncomeFromContinuingOps": "1259000000.00",
            "netIncomeApplicableToCommonShares": "1246000000.00",
            "preferredStockAndOtherAdjustments": null
        },
        "2019-06-30": {
            "date": "2019-06-30",
            "filing_date": "2019-06-30",
            "currency_symbol": "EUR",
            "researchDevelopment": "1053000000.00",
            "effectOfAccountingCharges": null,
            "incomeBeforeTax": "815000000.00",
            "minorityInterest": "60000000.00",
            "netIncome": "569000000.00",
            "sellingGeneralAdministrative": "457000000.00",
            "sellingAndMarketingExpenses": "1995000000.00",
            "grossProfit": "4520000000.00",
            "reconciledDepreciation": "455000000.00",
            "ebit": "923000000.00",
            "ebitda": "1378000000.00",
            "depreciationAndAmortization": "455000000.00",
            "nonOperatingIncomeNetOther": null,
            "operatingIncome": "827000000.00",
            "otherOperatingExpenses": "5804000000.00",
            "interestExpense": "108000000.00",
            "taxProvision": "234000000.00",
            "interestIncome": "145000000.00",
            "netInterestIncome": "29000000.00",
            "extraordinaryItems": null,
            "nonRecurring": null,
            "otherItems": null,
            "incomeTaxExpense": "233000000.00",
            "totalRevenue": "6631000000.00",
            "totalOperatingExpenses": "3693000000.00",
            "costOfRevenue": "2111000000.00",
            "totalOtherIncomeExpenseNet": "-12000000.00",
            "discontinuedOperations": null,
            "netIncomeFromContinuingOps": "582000000.00",
            "netIncomeApplicableToCommonShares": "569000000.00",
            "preferredStockAndOtherAdjustments": null
        },
        "2019-03-31": {
            "date": "2019-03-31",
            "filing_date": "2019-03-31",
            "currency_symbol": "EUR",
            "researchDevelopment": "1061000000.00",
            "effectOfAccountingCharges": null,
            "incomeBeforeTax": "-140000000.00",
            "minorityInterest": "51000000.00",
            "netIncome": "-114000000.00",
            "sellingGeneralAdministrative": "439000000.00",
            "sellingAndMarketingExpenses": "1838000000.00",
            "grossProfit": "4051000000.00",
            "reconciledDepreciation": "442000000.00",
            "ebit": "-18000000.00",
            "ebitda": "424000000.00",
            "depreciationAndAmortization": "442000000.00",
            "nonOperatingIncomeNetOther": null,
            "operatingIncome": "-136000000.00",
            "otherOperatingExpenses": "6228000000.00",
            "interestExpense": "122000000.00",
            "taxProvision": "-33000000.00",
            "interestIncome": "129000000.00",
            "netInterestIncome": "0.00",
            "extraordinaryItems": null,
            "nonRecurring": null,
            "otherItems": null,
            "incomeTaxExpense": "-33000000.00",
            "totalRevenue": "6092000000.00",
            "totalOperatingExpenses": "4187000000.00",
            "costOfRevenue": "2041000000.00",
            "totalOtherIncomeExpenseNet": "-4000000.00",
            "discontinuedOperations": null,
            "netIncomeFromContinuingOps": "-107000000.00",
            "netIncomeApplicableToCommonShares": "-114000000.00",
            "preferredStockAndOtherAdjustments": null
        },
        "2018-12-31": {
            "date": "2018-12-31",
            "filing_date": "2018-12-31",
            "currency_symbol": "EUR",
            "researchDevelopment": "944000000.00",
            "effectOfAccountingCharges": null,
            "incomeBeforeTax": "2303000000.00",
            "minorityInterest": "45000000.00",
            "netIncome": "1683000000.00",
            "sellingGeneralAdministrative": "266000000.00",
            "sellingAndMarketingExpenses": "1795000000.00",
            "grossProfit": "5415000000.00",
            "reconciledDepreciation": "376000000.00",
            "ebit": "2503000000.00",
            "ebitda": "2879000000.00",
            "depreciationAndAmortization": "376000000.00",
            "nonOperatingIncomeNetOther": null,
            "operatingIncome": "2399000000.00",
            "otherOperatingExpenses": "5029000000.00",
            "interestExpense": "189000000.00",
            "taxProvision": null,
            "interestIncome": null,
            "netInterestIncome": null,
            "extraordinaryItems": null,
            "nonRecurring": null,
            "otherItems": null,
            "incomeTaxExpense": "616000000.00",
            "totalRevenue": "7428000000.00",
            "totalOperatingExpenses": "3017000000.00",
            "costOfRevenue": "2012000000.00",
            "totalOtherIncomeExpenseNet": "-96000000.00",
            "discontinuedOperations": null,
            "netIncomeFromContinuingOps": "1688000000.00",
            "netIncomeApplicableToCommonShares": "1683000000.00",
            "preferredStockAndOtherAdjustments": null
        },
        "2018-09-30": {
            "date": "2018-09-30",
            "filing_date": "2018-09-30",
            "currency_symbol": "EUR",
            "researchDevelopment": "918000000.00",
            "effectOfAccountingCharges": null,
            "incomeBeforeTax": "1280000000.00",
            "minorityInterest": "43000000.00",
            "netIncome": "971000000.00",
            "sellingGeneralAdministrative": "284000000.00",
            "sellingAndMarketingExpenses": "1673000000.00",
            "grossProfit": "4112000000.00",
            "reconciledDepreciation": "351000000.00",
            "ebit": "1308000000.00",
            "ebitda": "1659000000.00",
            "depreciationAndAmortization": "351000000.00",
            "nonOperatingIncomeNetOther": null,
            "operatingIncome": "1236000000.00",
            "otherOperatingExpenses": "4785000000.00",
            "interestExpense": "74000000.00",
            "taxProvision": null,
            "interestIncome": null,
            "netInterestIncome": null,
            "extraordinaryItems": null,
            "nonRecurring": null,
            "otherItems": null,
            "incomeTaxExpense": "309000000.00",
            "totalRevenue": "6021000000.00",
            "totalOperatingExpenses": "2877000000.00",
            "costOfRevenue": "1908000000.00",
            "totalOtherIncomeExpenseNet": "44000000.00",
            "discontinuedOperations": null,
            "netIncomeFromContinuingOps": "974000000.00",
            "netIncomeApplicableToCommonShares": "973000000.00",
            "preferredStockAndOtherAdjustments": null
        },
        "2018-06-30": {
            "date": "2018-06-30",
            "filing_date": "2018-06-30",
            "currency_symbol": "EUR",
            "researchDevelopment": "948000000.00",
            "effectOfAccountingCharges": null,
            "incomeBeforeTax": "1029000000.00",
            "minorityInterest": "44000000.00",
            "netIncome": "719000000.00",
            "sellingGeneralAdministrative": "317000000.00",
            "sellingAndMarketingExpenses": "1798000000.00",
            "grossProfit": "4114000000.00",
            "reconciledDepreciation": "332000000.00",
            "ebit": "1105000000.00",
            "ebitda": "1437000000.00",
            "depreciationAndAmortization": "332000000.00",
            "nonOperatingIncomeNetOther": null,
            "operatingIncome": "1044000000.00",
            "otherOperatingExpenses": "4956000000.00",
            "interestExpense": "76000000.00",
            "taxProvision": null,
            "interestIncome": null,
            "netInterestIncome": null,
            "extraordinaryItems": null,
            "nonRecurring": null,
            "otherItems": null,
            "incomeTaxExpense": "309000000.00",
            "totalRevenue": "6000000000.00",
            "totalOperatingExpenses": "3070000000.00",
            "costOfRevenue": "1886000000.00",
            "totalOtherIncomeExpenseNet": "-15000000.00",
            "discontinuedOperations": null,
            "netIncomeFromContinuingOps": "720000000.00",
            "netIncomeApplicableToCommonShares": "719000000.00",
            "preferredStockAndOtherAdjustments": null
        },
        "2018-03-31": {
            "date": "2018-03-31",
            "filing_date": "2018-03-31",
            "currency_symbol": "EUR",
            "researchDevelopment": "814000000.00",
            "effectOfAccountingCharges": null,
            "incomeBeforeTax": "987000000.00",
            "minorityInterest": "30000000.00",
            "netIncome": "708000000.00",
            "sellingGeneralAdministrative": "231000000.00",
            "sellingAndMarketingExpenses": "1515000000.00",
            "grossProfit": "3605000000.00",
            "reconciledDepreciation": "303000000.00",
            "ebit": "1058000000.00",
            "ebitda": "1361000000.00",
            "depreciationAndAmortization": "303000000.00",
            "nonOperatingIncomeNetOther": null,
            "operatingIncome": "1025000000.00",
            "otherOperatingExpenses": "4236000000.00",
            "interestExpense": "71000000.00",
            "taxProvision": null,
            "interestIncome": null,
            "netInterestIncome": null,
            "extraordinaryItems": null,
            "nonRecurring": null,
            "otherItems": null,
            "incomeTaxExpense": "280000000.00",
            "totalRevenue": "5261000000.00",
            "totalOperatingExpenses": "2580000000.00",
            "costOfRevenue": "1656000000.00",
            "totalOtherIncomeExpenseNet": "-38000000.00",
            "discontinuedOperations": null,
            "netIncomeFromContinuingOps": "707000000.00",
            "netIncomeApplicableToCommonShares": "708000000.00",
            "preferredStockAndOtherAdjustments": null
        },
        "2017-12-31": {
            "date": "2017-12-31",
            "filing_date": "2017-12-31",
            "currency_symbol": "EUR",
            "researchDevelopment": "877000000.00",
            "effectOfAccountingCharges": null,
            "incomeBeforeTax": "2060000000.00",
            "minorityInterest": "31000000.00",
            "netIncome": "1846000000.00",
            "sellingGeneralAdministrative": "255000000.00",
            "sellingAndMarketingExpenses": "1869000000.00",
            "grossProfit": "4982000000.00",
            "reconciledDepreciation": "311000000.00",
            "ebit": "2125000000.00",
            "ebitda": "2436000000.00",
            "depreciationAndAmortization": "311000000.00",
            "nonOperatingIncomeNetOther": null,
            "operatingIncome": "1964000000.00",
            "otherOperatingExpenses": "4840000000.00",
            "interestExpense": "65000000.00",
            "taxProvision": null,
            "interestIncome": null,
            "netInterestIncome": null,
            "extraordinaryItems": null,
            "nonRecurring": null,
            "otherItems": null,
            "incomeTaxExpense": "193000000.00",
            "totalRevenue": "6804000000.00",
            "totalOperatingExpenses": "3017000000.00",
            "costOfRevenue": "1823000000.00",
            "totalOtherIncomeExpenseNet": "96000000.00",
            "discontinuedOperations": null,
            "netIncomeFromContinuingOps": "1867000000.00",
            "netIncomeApplicableToCommonShares": "1846000000.00",
            "preferredStockAndOtherAdjustments": null
        },
        "2017-09-30": {
            "date": "2017-09-30",
            "filing_date": "2017-09-30",
            "currency_symbol": "EUR",
            "researchDevelopment": "781000000.00",
            "effectOfAccountingCharges": null,
            "incomeBeforeTax": "1390000000.00",
            "minorityInterest": "1000000.00",
            "netIncome": "983000000.00",
            "sellingGeneralAdministrative": "251000000.00",
            "sellingAndMarketingExpenses": "1640000000.00",
            "grossProfit": "3917000000.00",
            "reconciledDepreciation": "319000000.00",
            "ebit": "1448000000.00",
            "ebitda": "1767000000.00",
            "depreciationAndAmortization": "319000000.00",
            "nonOperatingIncomeNetOther": null,
            "operatingIncome": "1314000000.00",
            "otherOperatingExpenses": "4275000000.00",
            "interestExpense": "58000000.00",
            "taxProvision": null,
            "interestIncome": null,
            "netInterestIncome": null,
            "extraordinaryItems": null,
            "nonRecurring": null,
            "otherItems": null,
            "incomeTaxExpense": "398000000.00",
            "totalRevenue": "5589000000.00",
            "totalOperatingExpenses": "2602000000.00",
            "costOfRevenue": "1673000000.00",
            "totalOtherIncomeExpenseNet": "76000000.00",
            "discontinuedOperations": null,
            "netIncomeFromContinuingOps": "992000000.00",
            "netIncomeApplicableToCommonShares": "983000000.00",
            "preferredStockAndOtherAdjustments": null
        },
        "2017-06-30": {
            "date": "2017-06-30",
            "filing_date": "2017-06-30",
            "currency_symbol": null,
            "researchDevelopment": "842000000.00",
            "effectOfAccountingCharges": null,
            "incomeBeforeTax": "908000000.00",
            "minorityInterest": "7000000.00",
            "netIncome": "668000000.00",
            "sellingGeneralAdministrative": "278000000.00",
            "sellingAndMarketingExpenses": "1707000000.00",
            "grossProfit": "3987000000.00",
            "reconciledDepreciation": "322000000.00",
            "ebit": "970000000.00",
            "ebitda": "1292000000.00",
            "depreciationAndAmortization": "322000000.00",
            "nonOperatingIncomeNetOther": null,
            "operatingIncome": "926000000.00",
            "otherOperatingExpenses": "4855000000.00",
            "interestExpense": "62000000.00",
            "taxProvision": null,
            "interestIncome": null,
            "netInterestIncome": null,
            "extraordinaryItems": null,
            "nonRecurring": null,
            "otherItems": null,
            "incomeTaxExpense": "242000000.00",
            "totalRevenue": "5781000000.00",
            "totalOperatingExpenses": "3061000000.00",
            "costOfRevenue": "1794000000.00",
            "totalOtherIncomeExpenseNet": "-18000000.00",
            "discontinuedOperations": null,
            "netIncomeFromContinuingOps": "666000000.00",
            "netIncomeApplicableToCommonShares": "668000000.00",
            "preferredStockAndOtherAdjustments": null
        },
        "2017-03-31": {
            "date": "2017-03-31",
            "filing_date": "2017-03-31",
            "currency_symbol": null,
            "researchDevelopment": "852000000.00",
            "effectOfAccountingCharges": null,
            "incomeBeforeTax": "668000000.00",
            "minorityInterest": "31000000.00",
            "netIncome": "521000000.00",
            "sellingGeneralAdministrative": "291000000.00",
            "sellingAndMarketingExpenses": "1708000000.00",
            "grossProfit": "3524000000.00",
            "reconciledDepreciation": "320000000.00",
            "ebit": "762000000.00",
            "ebitda": "1082000000.00",
            "depreciationAndAmortization": "320000000.00",
            "nonOperatingIncomeNetOther": null,
            "operatingIncome": "673000000.00",
            "otherOperatingExpenses": "4612000000.00",
            "interestExpense": "94000000.00",
            "taxProvision": null,
            "interestIncome": null,
            "netInterestIncome": null,
            "extraordinaryItems": null,
            "nonRecurring": null,
            "otherItems": null,
            "incomeTaxExpense": "138000000.00",
            "totalRevenue": "5285000000.00",
            "totalOperatingExpenses": "2852000000.00",
            "costOfRevenue": "1760000000.00",
            "totalOtherIncomeExpenseNet": "-5000000.00",
            "discontinuedOperations": null,
            "netIncomeFromContinuingOps": "530000000.00",
            "netIncomeApplicableToCommonShares": "521000000.00",
            "preferredStockAndOtherAdjustments": null
        },
        "2016-12-31": {
            "date": "2016-12-31",
            "filing_date": "2016-12-31",
            "currency_symbol": null,
            "researchDevelopment": "860000000.00",
            "effectOfAccountingCharges": null,
            "incomeBeforeTax": "1963000000.00",
            "minorityInterest": null,
            "netIncome": "1528000000.00",
            "sellingGeneralAdministrative": "278000000.00",
            "sellingAndMarketingExpenses": "1804000000.00",
            "grossProfit": "4896000000.00",
            "reconciledDepreciation": "336000000.00",
            "ebit": "2021000000.00",
            "ebitda": "2357000000.00",
            "depreciationAndAmortization": "336000000.00",
            "nonOperatingIncomeNetOther": null,
            "operatingIncome": "1951000000.00",
            "otherOperatingExpenses": "4773000000.00",
            "interestExpense": "59000000.00",
            "taxProvision": null,
            "interestIncome": null,
            "netInterestIncome": null,
            "extraordinaryItems": null,
            "nonRecurring": null,
            "otherItems": null,
            "incomeTaxExpense": "437000000.00",
            "totalRevenue": "6724000000.00",
            "totalOperatingExpenses": "2946000000.00",
            "costOfRevenue": "1827000000.00",
            "totalOtherIncomeExpenseNet": "12000000.00",
            "discontinuedOperations": null,
            "netIncomeFromContinuingOps": null,
            "netIncomeApplicableToCommonShares": null,
            "preferredStockAndOtherAdjustments": null
        },
        "2016-09-30": {
            "date": "2016-09-30",
            "filing_date": "2016-09-30",
            "currency_symbol": null,
            "researchDevelopment": "766000000.00",
            "effectOfAccountingCharges": null,
            "incomeBeforeTax": "1013000000.00",
            "minorityInterest": null,
            "netIncome": "730000000.00",
            "sellingGeneralAdministrative": "268000000.00",
            "sellingAndMarketingExpenses": "1587000000.00",
            "grossProfit": "3726000000.00",
            "reconciledDepreciation": "317000000.00",
            "ebit": "1091000000.00",
            "ebitda": "1408000000.00",
            "depreciationAndAmortization": "317000000.00",
            "nonOperatingIncomeNetOther": null,
            "operatingIncome": "1103000000.00",
            "otherOperatingExpenses": "4272000000.00",
            "interestExpense": "78000000.00",
            "taxProvision": null,
            "interestIncome": null,
            "netInterestIncome": null,
            "extraordinaryItems": null,
            "nonRecurring": null,
            "otherItems": null,
            "incomeTaxExpense": "288000000.00",
            "totalRevenue": "5375000000.00",
            "totalOperatingExpenses": "2623000000.00",
            "costOfRevenue": "1649000000.00",
            "totalOtherIncomeExpenseNet": "-90000000.00",
            "discontinuedOperations": null,
            "netIncomeFromContinuingOps": null,
            "netIncomeApplicableToCommonShares": null,
            "preferredStockAndOtherAdjustments": null
        },
        "2016-06-30": {
            "date": "2016-06-30",
            "filing_date": "2016-06-30",
            "currency_symbol": null,
            "researchDevelopment": "710000000.00",
            "effectOfAccountingCharges": null,
            "incomeBeforeTax": "1144000000.00",
            "minorityInterest": null,
            "netIncome": "816000000.00",
            "sellingGeneralAdministrative": "229000000.00",
            "sellingAndMarketingExpenses": "1470000000.00",
            "grossProfit": "3685000000.00",
            "reconciledDepreciation": "306000000.00",
            "ebit": "1206000000.00",
            "ebitda": "1512000000.00",
            "depreciationAndAmortization": "306000000.00",
            "nonOperatingIncomeNetOther": null,
            "operatingIncome": "1269000000.00",
            "otherOperatingExpenses": "3968000000.00",
            "interestExpense": "62000000.00",
            "taxProvision": null,
            "interestIncome": null,
            "netInterestIncome": null,
            "extraordinaryItems": null,
            "nonRecurring": null,
            "otherItems": null,
            "incomeTaxExpense": "331000000.00",
            "totalRevenue": "5237000000.00",
            "totalOperatingExpenses": "2416000000.00",
            "costOfRevenue": "1552000000.00",
            "totalOtherIncomeExpenseNet": "-125000000.00",
            "discontinuedOperations": null,
            "netIncomeFromContinuingOps": null,
            "netIncomeApplicableToCommonShares": null,
            "preferredStockAndOtherAdjustments": null
        },
        "2016-03-31": {
            "date": "2016-03-31",
            "filing_date": "2016-03-31",
            "currency_symbol": null,
            "researchDevelopment": "709000000.00",
            "effectOfAccountingCharges": null,
            "incomeBeforeTax": "743000000.00",
            "minorityInterest": null,
            "netIncome": "572000000.00",
            "sellingGeneralAdministrative": "230000000.00",
            "sellingAndMarketingExpenses": "1394000000.00",
            "grossProfit": "3163000000.00",
            "reconciledDepreciation": "309000000.00",
            "ebit": "813000000.00",
            "ebitda": "1122000000.00",
            "depreciationAndAmortization": "309000000.00",
            "nonOperatingIncomeNetOther": null,
            "operatingIncome": "813000000.00",
            "otherOperatingExpenses": "3914000000.00",
            "interestExpense": "70000000.00",
            "taxProvision": null,
            "interestIncome": null,
            "netInterestIncome": null,
            "extraordinaryItems": null,
            "nonRecurring": null,
            "otherItems": null,
            "incomeTaxExpense": "173000000.00",
            "totalRevenue": "4727000000.00",
            "totalOperatingExpenses": "2350000000.00",
            "costOfRevenue": "1564000000.00",
            "totalOtherIncomeExpenseNet": "-70000000.00",
            "discontinuedOperations": null,
            "netIncomeFromContinuingOps": null,
            "netIncomeApplicableToCommonShares": null,
            "preferredStockAndOtherAdjustments": null
        },
        "2015-12-31": {
            "date": "2015-12-31",
            "filing_date": "2015-12-31",
            "currency_symbol": null,
            "researchDevelopment": "787000000.00",
            "effectOfAccountingCharges": null,
            "incomeBeforeTax": "1647000000.00",
            "minorityInterest": null,
            "netIncome": "1281000000.00",
            "sellingGeneralAdministrative": "282000000.00",
            "sellingAndMarketingExpenses": "1652000000.00",
            "grossProfit": "4478000000.00",
            "reconciledDepreciation": "324000000.00",
            "ebit": "1724000000.00",
            "ebitda": "2048000000.00",
            "depreciationAndAmortization": "324000000.00",
            "nonOperatingIncomeNetOther": null,
            "operatingIncome": "1700000000.00",
            "otherOperatingExpenses": "4642000000.00",
            "interestExpense": "76000000.00",
            "taxProvision": null,
            "interestIncome": null,
            "netInterestIncome": null,
            "extraordinaryItems": null,
            "nonRecurring": null,
            "otherItems": null,
            "incomeTaxExpense": "368000000.00",
            "totalRevenue": "6342000000.00",
            "totalOperatingExpenses": "2779000000.00",
            "costOfRevenue": "1863000000.00",
            "totalOtherIncomeExpenseNet": "-53000000.00",
            "discontinuedOperations": null,
            "netIncomeFromContinuingOps": null,
            "netIncomeApplicableToCommonShares": null,
            "preferredStockAndOtherAdjustments": null
        },
        "2015-09-30": {
            "date": "2015-09-30",
            "filing_date": "2015-09-30",
            "currency_symbol": null,
            "researchDevelopment": "657000000.00",
            "effectOfAccountingCharges": null,
            "incomeBeforeTax": "1229000000.00",
            "minorityInterest": null,
            "netIncome": "898000000.00",
            "sellingGeneralAdministrative": "239000000.00",
            "sellingAndMarketingExpenses": "1269000000.00",
            "grossProfit": "3525000000.00",
            "reconciledDepreciation": "319000000.00",
            "ebit": "1289000000.00",
            "ebitda": "1608000000.00",
            "depreciationAndAmortization": "319000000.00",
            "nonOperatingIncomeNetOther": null,
            "operatingIncome": "1214000000.00",
            "otherOperatingExpenses": "3771000000.00",
            "interestExpense": "60000000.00",
            "taxProvision": null,
            "interestIncome": null,
            "netInterestIncome": null,
            "extraordinaryItems": null,
            "nonRecurring": null,
            "otherItems": null,
            "incomeTaxExpense": "333000000.00",
            "totalRevenue": "4985000000.00",
            "totalOperatingExpenses": "2311000000.00",
            "costOfRevenue": "1460000000.00",
            "totalOtherIncomeExpenseNet": "15000000.00",
            "discontinuedOperations": null,
            "netIncomeFromContinuingOps": null,
            "netIncomeApplicableToCommonShares": null,
            "preferredStockAndOtherAdjustments": null
        },
        "2015-06-30": {
            "date": "2015-06-30",
            "filing_date": "2015-06-30",
            "currency_symbol": null,
            "researchDevelopment": "698000000.00",
            "effectOfAccountingCharges": null,
            "incomeBeforeTax": "637000000.00",
            "minorityInterest": null,
            "netIncome": "471000000.00",
            "sellingGeneralAdministrative": "256000000.00",
            "sellingAndMarketingExpenses": "1412000000.00",
            "grossProfit": "3431000000.00",
            "reconciledDepreciation": "325000000.00",
            "ebit": "687000000.00",
            "ebitda": "1012000000.00",
            "depreciationAndAmortization": "325000000.00",
            "nonOperatingIncomeNetOther": null,
            "operatingIncome": "701000000.00",
            "otherOperatingExpenses": "4269000000.00",
            "interestExpense": "50000000.00",
            "taxProvision": null,
            "interestIncome": null,
            "netInterestIncome": null,
            "extraordinaryItems": null,
            "nonRecurring": null,
            "otherItems": null,
            "incomeTaxExpense": "168000000.00",
            "totalRevenue": "4970000000.00",
            "totalOperatingExpenses": "2730000000.00",
            "costOfRevenue": "1539000000.00",
            "totalOtherIncomeExpenseNet": "-64000000.00",
            "discontinuedOperations": null,
            "netIncomeFromContinuingOps": null,
            "netIncomeApplicableToCommonShares": null,
            "preferredStockAndOtherAdjustments": null
        },
        "2015-03-31": {
            "date": "2015-03-31",
            "filing_date": "2015-03-31",
            "currency_symbol": null,
            "researchDevelopment": "694000000.00",
            "effectOfAccountingCharges": null,
            "incomeBeforeTax": "478000000.00",
            "minorityInterest": null,
            "netIncome": "414000000.00",
            "sellingGeneralAdministrative": "272000000.00",
            "sellingAndMarketingExpenses": "1253000000.00",
            "grossProfit": "2908000000.00",
            "reconciledDepreciation": "321000000.00",
            "ebit": "537000000.00",
            "ebitda": "858000000.00",
            "depreciationAndAmortization": "321000000.00",
            "nonOperatingIncomeNetOther": null,
            "operatingIncome": "638000000.00",
            "otherOperatingExpenses": "3859000000.00",
            "interestExpense": "59000000.00",
            "taxProvision": null,
            "interestIncome": null,
            "netInterestIncome": null,
            "extraordinaryItems": null,
            "nonRecurring": null,
            "otherItems": null,
            "incomeTaxExpense": "65000000.00",
            "totalRevenue": "4497000000.00",
            "totalOperatingExpenses": "2270000000.00",
            "costOfRevenue": "1589000000.00",
            "totalOtherIncomeExpenseNet": "-160000000.00",
            "discontinuedOperations": null,
            "netIncomeFromContinuingOps": null,
            "netIncomeApplicableToCommonShares": null,
            "preferredStockAndOtherAdjustments": null
        },
        "2014-12-31": {
            "date": "2014-12-31",
            "filing_date": "2014-12-31",
            "currency_symbol": null,
            "researchDevelopment": "670000000.00",
            "effectOfAccountingCharges": null,
            "incomeBeforeTax": "1734000000.00",
            "minorityInterest": null,
            "netIncome": "1309000000.00",
            "sellingGeneralAdministrative": "280000000.00",
            "sellingAndMarketingExpenses": "1269000000.00",
            "grossProfit": "3995000000.00",
            "reconciledDepreciation": "277000000.00",
            "ebit": "1786000000.00",
            "ebitda": "2063000000.00",
            "depreciationAndAmortization": "277000000.00",
            "nonOperatingIncomeNetOther": null,
            "operatingIncome": "1753000000.00",
            "otherOperatingExpenses": "3705000000.00",
            "interestExpense": "52000000.00",
            "taxProvision": null,
            "interestIncome": null,
            "netInterestIncome": null,
            "extraordinaryItems": null,
            "nonRecurring": null,
            "otherItems": null,
            "incomeTaxExpense": "425000000.00",
            "totalRevenue": "5458000000.00",
            "totalOperatingExpenses": "2243000000.00",
            "costOfRevenue": "1462000000.00",
            "totalOtherIncomeExpenseNet": "-19000000.00",
            "discontinuedOperations": null,
            "netIncomeFromContinuingOps": null,
            "netIncomeApplicableToCommonShares": null,
            "preferredStockAndOtherAdjustments": null
        },
        "2014-09-30": {
            "date": "2014-09-30",
            "filing_date": "2014-09-30",
            "currency_symbol": null,
            "researchDevelopment": "545000000.00",
            "effectOfAccountingCharges": null,
            "incomeBeforeTax": "1199000000.00",
            "minorityInterest": null,
            "netIncome": "880000000.00",
            "sellingGeneralAdministrative": "190000000.00",
            "sellingAndMarketingExpenses": "1018000000.00",
            "grossProfit": "2970000000.00",
            "reconciledDepreciation": "255000000.00",
            "ebit": "1238000000.00",
            "ebitda": "1493000000.00",
            "depreciationAndAmortization": "255000000.00",
            "nonOperatingIncomeNetOther": null,
            "operatingIncome": "1157000000.00",
            "otherOperatingExpenses": "3097000000.00",
            "interestExpense": "39000000.00",
            "taxProvision": null,
            "interestIncome": null,
            "netInterestIncome": null,
            "extraordinaryItems": null,
            "nonRecurring": null,
            "otherItems": null,
            "incomeTaxExpense": "318000000.00",
            "totalRevenue": "4254000000.00",
            "totalOperatingExpenses": "1812000000.00",
            "costOfRevenue": "1285000000.00",
            "totalOtherIncomeExpenseNet": "42000000.00",
            "discontinuedOperations": null,
            "netIncomeFromContinuingOps": null,
            "netIncomeApplicableToCommonShares": null,
            "preferredStockAndOtherAdjustments": null
        },
        "2014-06-30": {
            "date": "2014-06-30",
            "filing_date": "2014-06-30",
            "currency_symbol": null,
            "researchDevelopment": "566000000.00",
            "effectOfAccountingCharges": null,
            "incomeBeforeTax": "719000000.00",
            "minorityInterest": null,
            "netIncome": "557000000.00",
            "sellingGeneralAdministrative": "218000000.00",
            "sellingAndMarketingExpenses": "1049000000.00",
            "grossProfit": "2862000000.00",
            "reconciledDepreciation": "243000000.00",
            "ebit": "749000000.00",
            "ebitda": "992000000.00",
            "depreciationAndAmortization": "243000000.00",
            "nonOperatingIncomeNetOther": null,
            "operatingIncome": "698000000.00",
            "otherOperatingExpenses": "3453000000.00",
            "interestExpense": "30000000.00",
            "taxProvision": null,
            "interestIncome": null,
            "netInterestIncome": null,
            "extraordinaryItems": null,
            "nonRecurring": null,
            "otherItems": null,
            "incomeTaxExpense": "163000000.00",
            "totalRevenue": "4151000000.00",
            "totalOperatingExpenses": "2164000000.00",
            "costOfRevenue": "1289000000.00",
            "totalOtherIncomeExpenseNet": "21000000.00",
            "discontinuedOperations": null,
            "netIncomeFromContinuingOps": null,
            "netIncomeApplicableToCommonShares": null,
            "preferredStockAndOtherAdjustments": null
        },
        "2014-03-31": {
            "date": "2014-03-31",
            "filing_date": "2014-03-31",
            "currency_symbol": null,
            "researchDevelopment": "549000000.00",
            "effectOfAccountingCharges": null,
            "incomeBeforeTax": "704000000.00",
            "minorityInterest": null,
            "netIncome": "534000000.00",
            "sellingGeneralAdministrative": "205000000.00",
            "sellingAndMarketingExpenses": "968000000.00",
            "grossProfit": "2462000000.00",
            "reconciledDepreciation": "235000000.00",
            "ebit": "735000000.00",
            "ebitda": "970000000.00",
            "depreciationAndAmortization": "235000000.00",
            "nonOperatingIncomeNetOther": null,
            "operatingIncome": "723000000.00",
            "otherOperatingExpenses": "2975000000.00",
            "interestExpense": "31000000.00",
            "taxProvision": null,
            "interestIncome": null,
            "netInterestIncome": null,
            "extraordinaryItems": null,
            "nonRecurring": null,
            "otherItems": null,
            "incomeTaxExpense": "170000000.00",
            "totalRevenue": "3698000000.00",
            "totalOperatingExpenses": "1739000000.00",
            "costOfRevenue": "1236000000.00",
            "totalOtherIncomeExpenseNet": "-19000000.00",
            "discontinuedOperations": null,
            "netIncomeFromContinuingOps": null,
            "netIncomeApplicableToCommonShares": null,
            "preferredStockAndOtherAdjustments": null
        },
        "2013-12-31": {
            "date": "2013-12-31",
            "filing_date": "2013-12-31",
            "currency_symbol": null,
            "researchDevelopment": "606000000.00",
            "effectOfAccountingCharges": null,
            "incomeBeforeTax": "1776000000.00",
            "minorityInterest": null,
            "netIncome": "1320000000.00",
            "sellingGeneralAdministrative": "231000000.00",
            "sellingAndMarketingExpenses": "1110000000.00",
            "grossProfit": "3766000000.00",
            "reconciledDepreciation": "237000000.00",
            "ebit": "1792000000.00",
            "ebitda": "2029000000.00",
            "depreciationAndAmortization": "237000000.00",
            "nonOperatingIncomeNetOther": null,
            "operatingIncome": "1802000000.00",
            "otherOperatingExpenses": "3305000000.00",
            "interestExpense": "43000000.00",
            "taxProvision": null,
            "interestIncome": null,
            "netInterestIncome": null,
            "extraordinaryItems": null,
            "nonRecurring": null,
            "otherItems": null,
            "incomeTaxExpense": "457000000.00",
            "totalRevenue": "5107000000.00",
            "totalOperatingExpenses": "1964000000.00",
            "costOfRevenue": "1341000000.00",
            "totalOtherIncomeExpenseNet": "-26000000.00",
            "discontinuedOperations": null,
            "netIncomeFromContinuingOps": null,
            "netIncomeApplicableToCommonShares": null,
            "preferredStockAndOtherAdjustments": null
        },
        "2013-09-30": {
            "date": "2013-09-30",
            "filing_date": "2013-09-30",
            "currency_symbol": null,
            "researchDevelopment": "552000000.00",
            "effectOfAccountingCharges": null,
            "incomeBeforeTax": "1035000000.00",
            "minorityInterest": null,
            "netIncome": "762000000.00",
            "sellingGeneralAdministrative": "207000000.00",
            "sellingAndMarketingExpenses": "986000000.00",
            "grossProfit": "2804000000.00",
            "reconciledDepreciation": "236000000.00",
            "ebit": "1080000000.00",
            "ebitda": "1316000000.00",
            "depreciationAndAmortization": "236000000.00",
            "nonOperatingIncomeNetOther": null,
            "operatingIncome": "1043000000.00",
            "otherOperatingExpenses": "3003000000.00",
            "interestExpense": "45000000.00",
            "taxProvision": null,
            "interestIncome": null,
            "netInterestIncome": null,
            "extraordinaryItems": null,
            "nonRecurring": null,
            "otherItems": null,
            "incomeTaxExpense": "274000000.00",
            "totalRevenue": "4046000000.00",
            "totalOperatingExpenses": "1762000000.00",
            "costOfRevenue": "1241000000.00",
            "totalOtherIncomeExpenseNet": "-8000000.00",
            "discontinuedOperations": null,
            "netIncomeFromContinuingOps": null,
            "netIncomeApplicableToCommonShares": null,
            "preferredStockAndOtherAdjustments": null
        },
        "2013-06-30": {
            "date": "2013-06-30",
            "filing_date": "2013-06-30",
            "currency_symbol": null,
            "researchDevelopment": "567000000.00",
            "effectOfAccountingCharges": null,
            "incomeBeforeTax": "963000000.00",
            "minorityInterest": null,
            "netIncome": "725000000.00",
            "sellingGeneralAdministrative": "232000000.00",
            "sellingAndMarketingExpenses": "1059000000.00",
            "grossProfit": "2822000000.00",
            "reconciledDepreciation": "245000000.00",
            "ebit": "1012000000.00",
            "ebitda": "1257000000.00",
            "depreciationAndAmortization": "245000000.00",
            "nonOperatingIncomeNetOther": null,
            "operatingIncome": "988000000.00",
            "otherOperatingExpenses": "3074000000.00",
            "interestExpense": "49000000.00",
            "taxProvision": null,
            "interestIncome": null,
            "netInterestIncome": null,
            "extraordinaryItems": null,
            "nonRecurring": null,
            "otherItems": null,
            "incomeTaxExpense": "239000000.00",
            "totalRevenue": "4062000000.00",
            "totalOperatingExpenses": "1834000000.00",
            "costOfRevenue": "1240000000.00",
            "totalOtherIncomeExpenseNet": "-25000000.00",
            "discontinuedOperations": null,
            "netIncomeFromContinuingOps": null,
            "netIncomeApplicableToCommonShares": null,
            "preferredStockAndOtherAdjustments": null
        },
        "2013-03-31": {
            "date": "2013-03-31",
            "filing_date": "2013-03-31",
            "currency_symbol": null,
            "researchDevelopment": "557000000.00",
            "effectOfAccountingCharges": null,
            "incomeBeforeTax": "621000000.00",
            "minorityInterest": null,
            "netIncome": "520000000.00",
            "sellingGeneralAdministrative": "197000000.00",
            "sellingAndMarketingExpenses": "975000000.00",
            "grossProfit": "2391000000.00",
            "reconciledDepreciation": "233000000.00",
            "ebit": "665000000.00",
            "ebitda": "898000000.00",
            "depreciationAndAmortization": "233000000.00",
            "nonOperatingIncomeNetOther": null,
            "operatingIncome": "646000000.00",
            "otherOperatingExpenses": "2955000000.00",
            "interestExpense": "44000000.00",
            "taxProvision": null,
            "interestIncome": null,
            "netInterestIncome": null,
            "extraordinaryItems": null,
            "nonRecurring": null,
            "otherItems": null,
            "incomeTaxExpense": "101000000.00",
            "totalRevenue": "3601000000.00",
            "totalOperatingExpenses": "1745000000.00",
            "costOfRevenue": "1210000000.00",
            "totalOtherIncomeExpenseNet": "-25000000.00",
            "discontinuedOperations": null,
            "netIncomeFromContinuingOps": null,
            "netIncomeApplicableToCommonShares": null,
            "preferredStockAndOtherAdjustments": null
        },
        "2012-12-31": {
            "date": "2012-12-31",
            "filing_date": "2012-12-31",
            "currency_symbol": null,
            "researchDevelopment": "615000000.00",
            "effectOfAccountingCharges": null,
            "incomeBeforeTax": "1529000000.00",
            "minorityInterest": null,
            "netIncome": "1100000000.00",
            "sellingGeneralAdministrative": "283000000.00",
            "sellingAndMarketingExpenses": "1121000000.00",
            "grossProfit": "3589000000.00",
            "reconciledDepreciation": "241000000.00",
            "ebit": "1585000000.00",
            "ebitda": "1826000000.00",
            "depreciationAndAmortization": "241000000.00",
            "nonOperatingIncomeNetOther": null,
            "operatingIncome": "1592000000.00",
            "otherOperatingExpenses": "3431000000.00",
            "interestExpense": "56000000.00",
            "taxProvision": null,
            "interestIncome": null,
            "netInterestIncome": null,
            "extraordinaryItems": null,
            "nonRecurring": null,
            "otherItems": null,
            "incomeTaxExpense": "428000000.00",
            "totalRevenue": "5023000000.00",
            "totalOperatingExpenses": "1997000000.00",
            "costOfRevenue": "1434000000.00",
            "totalOtherIncomeExpenseNet": "-63000000.00",
            "discontinuedOperations": null,
            "netIncomeFromContinuingOps": null,
            "netIncomeApplicableToCommonShares": null,
            "preferredStockAndOtherAdjustments": null
        },
        "2012-09-30": {
            "date": "2012-09-30",
            "filing_date": "2012-09-30",
            "currency_symbol": null,
            "researchDevelopment": "547000000.00",
            "effectOfAccountingCharges": null,
            "incomeBeforeTax": "822000000.00",
            "minorityInterest": null,
            "netIncome": "618000000.00",
            "sellingGeneralAdministrative": "232000000.00",
            "sellingAndMarketingExpenses": "984000000.00",
            "grossProfit": "2695000000.00",
            "reconciledDepreciation": "220000000.00",
            "ebit": "863000000.00",
            "ebitda": "1083000000.00",
            "depreciationAndAmortization": "220000000.00",
            "nonOperatingIncomeNetOther": null,
            "operatingIncome": "921000000.00",
            "otherOperatingExpenses": "3031000000.00",
            "interestExpense": "41000000.00",
            "taxProvision": null,
            "interestIncome": null,
            "netInterestIncome": null,
            "extraordinaryItems": null,
            "nonRecurring": null,
            "otherItems": null,
            "incomeTaxExpense": "204000000.00",
            "totalRevenue": "3952000000.00",
            "totalOperatingExpenses": "1774000000.00",
            "costOfRevenue": "1257000000.00",
            "totalOtherIncomeExpenseNet": "-99000000.00",
            "discontinuedOperations": null,
            "netIncomeFromContinuingOps": null,
            "netIncomeApplicableToCommonShares": null,
            "preferredStockAndOtherAdjustments": null
        },
        "2012-06-30": {
            "date": "2012-06-30",
            "filing_date": "2012-06-30",
            "currency_symbol": null,
            "researchDevelopment": "568000000.00",
            "effectOfAccountingCharges": null,
            "incomeBeforeTax": "865000000.00",
            "minorityInterest": null,
            "netIncome": "661000000.00",
            "sellingGeneralAdministrative": "222000000.00",
            "sellingAndMarketingExpenses": "972000000.00",
            "grossProfit": "2686000000.00",
            "reconciledDepreciation": "210000000.00",
            "ebit": "904000000.00",
            "ebitda": "1114000000.00",
            "depreciationAndAmortization": "210000000.00",
            "nonOperatingIncomeNetOther": null,
            "operatingIncome": "921000000.00",
            "otherOperatingExpenses": "2977000000.00",
            "interestExpense": "39000000.00",
            "taxProvision": null,
            "interestIncome": null,
            "netInterestIncome": null,
            "extraordinaryItems": null,
            "nonRecurring": null,
            "otherItems": null,
            "incomeTaxExpense": "204000000.00",
            "totalRevenue": "3898000000.00",
            "totalOperatingExpenses": "1765000000.00",
            "costOfRevenue": "1212000000.00",
            "totalOtherIncomeExpenseNet": "-56000000.00",
            "discontinuedOperations": null,
            "netIncomeFromContinuingOps": null,
            "netIncomeApplicableToCommonShares": null,
            "preferredStockAndOtherAdjustments": null
        },
        "2012-03-31": {
            "date": "2012-03-31",
            "filing_date": "2012-03-31",
            "currency_symbol": null,
            "researchDevelopment": "523000000.00",
            "effectOfAccountingCharges": null,
            "incomeBeforeTax": "607000000.00",
            "minorityInterest": null,
            "netIncome": "444000000.00",
            "sellingGeneralAdministrative": "209000000.00",
            "sellingAndMarketingExpenses": "831000000.00",
            "grossProfit": "2188000000.00",
            "reconciledDepreciation": "192000000.00",
            "ebit": "647000000.00",
            "ebitda": "839000000.00",
            "depreciationAndAmortization": "192000000.00",
            "nonOperatingIncomeNetOther": null,
            "operatingIncome": "631000000.00",
            "otherOperatingExpenses": "2719000000.00",
            "interestExpense": "40000000.00",
            "taxProvision": null,
            "interestIncome": null,
            "netInterestIncome": null,
            "extraordinaryItems": null,
            "nonRecurring": null,
            "otherItems": null,
            "incomeTaxExpense": "163000000.00",
            "totalRevenue": "3350000000.00",
            "totalOperatingExpenses": "1557000000.00",
            "costOfRevenue": "1162000000.00",
            "totalOtherIncomeExpenseNet": "-24000000.00",
            "discontinuedOperations": null,
            "netIncomeFromContinuingOps": null,
            "netIncomeApplicableToCommonShares": null,
            "preferredStockAndOtherAdjustments": null
        },
        "2011-12-31": {
            "date": "2011-12-31",
            "filing_date": "2011-12-31",
            "currency_symbol": null,
            "researchDevelopment": "537000000.00",
            "effectOfAccountingCharges": null,
            "incomeBeforeTax": "1623000000.00",
            "minorityInterest": null,
            "netIncome": "1197000000.00",
            "sellingGeneralAdministrative": "200000000.00",
            "sellingAndMarketingExpenses": "941000000.00",
            "grossProfit": "3320000000.00",
            "reconciledDepreciation": "188000000.00",
            "ebit": "1553000000.00",
            "ebitda": "1741000000.00",
            "depreciationAndAmortization": "188000000.00",
            "nonOperatingIncomeNetOther": null,
            "operatingIncome": "1668000000.00",
            "otherOperatingExpenses": "2832000000.00",
            "interestExpense": "70000000.00",
            "taxProvision": null,
            "interestIncome": null,
            "netInterestIncome": null,
            "extraordinaryItems": null,
            "nonRecurring": null,
            "otherItems": null,
            "incomeTaxExpense": "-475000000.00",
            "totalRevenue": "4500000000.00",
            "totalOperatingExpenses": "1652000000.00",
            "costOfRevenue": "1180000000.00",
            "totalOtherIncomeExpenseNet": "-45000000.00",
            "discontinuedOperations": null,
            "netIncomeFromContinuingOps": null,
            "netIncomeApplicableToCommonShares": null,
            "preferredStockAndOtherAdjustments": null
        },
        "2011-09-30": {
            "date": "2011-09-30",
            "filing_date": "2011-09-30",
            "currency_symbol": null,
            "researchDevelopment": "436000000.00",
            "effectOfAccountingCharges": null,
            "incomeBeforeTax": "1757000000.00",
            "minorityInterest": null,
            "netIncome": "1251000000.00",
            "sellingGeneralAdministrative": "168000000.00",
            "sellingAndMarketingExpenses": "721000000.00",
            "grossProfit": "2359000000.00",
            "reconciledDepreciation": "179000000.00",
            "ebit": "1788000000.00",
            "ebitda": "1967000000.00",
            "depreciationAndAmortization": "179000000.00",
            "nonOperatingIncomeNetOther": null,
            "operatingIncome": "1759000000.00",
            "otherOperatingExpenses": "1650000000.00",
            "interestExpense": "69000000.00",
            "taxProvision": null,
            "interestIncome": null,
            "netInterestIncome": null,
            "extraordinaryItems": null,
            "nonRecurring": null,
            "otherItems": null,
            "incomeTaxExpense": "506000000.00",
            "totalRevenue": "3409000000.00",
            "totalOperatingExpenses": "600000000.00",
            "costOfRevenue": "1050000000.00",
            "totalOtherIncomeExpenseNet": "-2000000.00",
            "discontinuedOperations": null,
            "netIncomeFromContinuingOps": null,
            "netIncomeApplicableToCommonShares": null,
            "preferredStockAndOtherAdjustments": null
        },
        "2011-06-30": {
            "date": "2011-06-30",
            "filing_date": "2011-06-30",
            "currency_symbol": null,
            "researchDevelopment": "468000000.00",
            "effectOfAccountingCharges": null,
            "incomeBeforeTax": "804000000.00",
            "minorityInterest": null,
            "netIncome": "587000000.00",
            "sellingGeneralAdministrative": "170000000.00",
            "sellingAndMarketingExpenses": "743000000.00",
            "grossProfit": "2247000000.00",
            "reconciledDepreciation": "179000000.00",
            "ebit": "842000000.00",
            "ebitda": "1021000000.00",
            "depreciationAndAmortization": "179000000.00",
            "nonOperatingIncomeNetOther": null,
            "operatingIncome": "-196000000.00",
            "otherOperatingExpenses": "3496000000.00",
            "interestExpense": "38000000.00",
            "taxProvision": null,
            "interestIncome": null,
            "netInterestIncome": null,
            "extraordinaryItems": null,
            "nonRecurring": null,
            "otherItems": null,
            "incomeTaxExpense": "216000000.00",
            "totalRevenue": "3300000000.00",
            "totalOperatingExpenses": "2443000000.00",
            "costOfRevenue": "1053000000.00",
            "totalOtherIncomeExpenseNet": "1000000000.00",
            "discontinuedOperations": null,
            "netIncomeFromContinuingOps": null,
            "netIncomeApplicableToCommonShares": null,
            "preferredStockAndOtherAdjustments": null
        },
        "2011-03-31": {
            "date": "2011-03-31",
            "filing_date": "2011-03-31",
            "currency_symbol": null,
            "researchDevelopment": "498000000.00",
            "effectOfAccountingCharges": null,
            "incomeBeforeTax": "583000000.00",
            "minorityInterest": null,
            "netIncome": "403000000.00",
            "sellingGeneralAdministrative": "177000000.00",
            "sellingAndMarketingExpenses": "677000000.00",
            "grossProfit": "1952000000.00",
            "reconciledDepreciation": "178000000.00",
            "ebit": "626000000.00",
            "ebitda": "804000000.00",
            "depreciationAndAmortization": "178000000.00",
            "nonOperatingIncomeNetOther": null,
            "operatingIncome": "597000000.00",
            "otherOperatingExpenses": "2427000000.00",
            "interestExpense": "43000000.00",
            "taxProvision": null,
            "interestIncome": null,
            "netInterestIncome": null,
            "extraordinaryItems": null,
            "nonRecurring": null,
            "otherItems": null,
            "incomeTaxExpense": "180000000.00",
            "totalRevenue": "3024000000.00",
            "totalOperatingExpenses": "1355000000.00",
            "costOfRevenue": "1072000000.00",
            "totalOtherIncomeExpenseNet": "-14000000.00",
            "discontinuedOperations": null,
            "netIncomeFromContinuingOps": null,
            "netIncomeApplicableToCommonShares": null,
            "preferredStockAndOtherAdjustments": null
        },
        "2010-12-31": {
            "date": "2010-12-31",
            "filing_date": "2010-12-31",
            "currency_symbol": null,
            "researchDevelopment": "487000000.00",
            "effectOfAccountingCharges": null,
            "incomeBeforeTax": "452000000.00",
            "minorityInterest": null,
            "netIncome": "434000000.00",
            "sellingGeneralAdministrative": "175000000.00",
            "sellingAndMarketingExpenses": "787000000.00",
            "grossProfit": "2970000000.00",
            "reconciledDepreciation": "164000000.00",
            "ebit": "525000000.00",
            "ebitda": "689000000.00",
            "depreciationAndAmortization": "164000000.00",
            "nonOperatingIncomeNetOther": null,
            "operatingIncome": "544000000.00",
            "otherOperatingExpenses": "3514000000.00",
            "interestExpense": "73000000.00",
            "taxProvision": null,
            "interestIncome": null,
            "netInterestIncome": null,
            "extraordinaryItems": null,
            "nonRecurring": null,
            "otherItems": null,
            "incomeTaxExpense": "18000000.00",
            "totalRevenue": "4058000000.00",
            "totalOperatingExpenses": "2426000000.00",
            "costOfRevenue": "1088000000.00",
            "totalOtherIncomeExpenseNet": "-92000000.00",
            "discontinuedOperations": null,
            "netIncomeFromContinuingOps": null,
            "netIncomeApplicableToCommonShares": null,
            "preferredStockAndOtherAdjustments": null
        },
        "2010-09-30": {
            "date": "2010-09-30",
            "filing_date": "2010-09-30",
            "currency_symbol": null,
            "researchDevelopment": "453000000.00",
            "effectOfAccountingCharges": null,
            "incomeBeforeTax": "689000000.00",
            "minorityInterest": null,
            "netIncome": "500000000.00",
            "sellingGeneralAdministrative": "157000000.00",
            "sellingAndMarketingExpenses": "642000000.00",
            "grossProfit": "2004000000.00",
            "reconciledDepreciation": "145000000.00",
            "ebit": "765000000.00",
            "ebitda": "910000000.00",
            "depreciationAndAmortization": "145000000.00",
            "nonOperatingIncomeNetOther": null,
            "operatingIncome": "716000000.00",
            "otherOperatingExpenses": "2287000000.00",
            "interestExpense": "35000000.00",
            "taxProvision": null,
            "interestIncome": null,
            "netInterestIncome": null,
            "extraordinaryItems": null,
            "nonRecurring": null,
            "otherItems": null,
            "incomeTaxExpense": "376000000.00",
            "totalRevenue": "3003000000.00",
            "totalOperatingExpenses": "1288000000.00",
            "costOfRevenue": "999000000.00",
            "totalOtherIncomeExpenseNet": "-27000000.00",
            "discontinuedOperations": null,
            "netIncomeFromContinuingOps": null,
            "netIncomeApplicableToCommonShares": null,
            "preferredStockAndOtherAdjustments": null
        },
        "2010-06-30": {
            "date": "2010-06-30",
            "filing_date": "2010-06-30",
            "currency_symbol": null,
            "researchDevelopment": "397000000.00",
            "effectOfAccountingCharges": null,
            "incomeBeforeTax": "676000000.00",
            "minorityInterest": null,
            "netIncome": "491000000.00",
            "sellingGeneralAdministrative": "156000000.00",
            "sellingAndMarketingExpenses": "658000000.00",
            "grossProfit": "1984000000.00",
            "reconciledDepreciation": "114000000.00",
            "ebit": "700000000.00",
            "ebitda": "814000000.00",
            "depreciationAndAmortization": "114000000.00",
            "nonOperatingIncomeNetOther": null,
            "operatingIncome": "774000000.00",
            "otherOperatingExpenses": "2120000000.00",
            "interestExpense": "23000000.00",
            "taxProvision": null,
            "interestIncome": null,
            "netInterestIncome": null,
            "extraordinaryItems": null,
            "nonRecurring": null,
            "otherItems": null,
            "incomeTaxExpense": "185000000.00",
            "totalRevenue": "2894000000.00",
            "totalOperatingExpenses": "1210000000.00",
            "costOfRevenue": "910000000.00",
            "totalOtherIncomeExpenseNet": "-98000000.00",
            "discontinuedOperations": null,
            "netIncomeFromContinuingOps": null,
            "netIncomeApplicableToCommonShares": null,
            "preferredStockAndOtherAdjustments": null
        },
        "2010-03-31": {
            "date": "2010-03-31",
            "filing_date": "2010-03-31",
            "currency_symbol": null,
            "researchDevelopment": "393000000.00",
            "effectOfAccountingCharges": null,
            "incomeBeforeTax": "521000000.00",
            "minorityInterest": null,
            "netIncome": "387000000.00",
            "sellingGeneralAdministrative": "148000000.00",
            "sellingAndMarketingExpenses": "557000000.00",
            "grossProfit": "1659000000.00",
            "reconciledDepreciation": "111000000.00",
            "ebit": "536000000.00",
            "ebitda": "647000000.00",
            "depreciationAndAmortization": "111000000.00",
            "nonOperatingIncomeNetOther": null,
            "operatingIncome": "557000000.00",
            "otherOperatingExpenses": "1952000000.00",
            "interestExpense": "12000000.00",
            "taxProvision": null,
            "interestIncome": null,
            "netInterestIncome": null,
            "extraordinaryItems": null,
            "nonRecurring": null,
            "otherItems": null,
            "incomeTaxExpense": "134000000.00",
            "totalRevenue": "2509000000.00",
            "totalOperatingExpenses": "1102000000.00",
            "costOfRevenue": "850000000.00",
            "totalOtherIncomeExpenseNet": "-36000000.00",
            "discontinuedOperations": null,
            "netIncomeFromContinuingOps": null,
            "netIncomeApplicableToCommonShares": null,
            "preferredStockAndOtherAdjustments": null
        },
        "2009-12-31": {
            "date": "2009-12-31",
            "filing_date": "2009-12-31",
            "currency_symbol": null,
            "researchDevelopment": "473000000.00",
            "effectOfAccountingCharges": null,
            "incomeBeforeTax": "965000000.00",
            "minorityInterest": null,
            "netIncome": "687000000.00",
            "sellingGeneralAdministrative": "171000000.00",
            "sellingAndMarketingExpenses": "610000000.00",
            "grossProfit": "2240000000.00",
            "reconciledDepreciation": "126000000.00",
            "ebit": "764000000.00",
            "ebitda": "890000000.00",
            "depreciationAndAmortization": "126000000.00",
            "nonOperatingIncomeNetOther": null,
            "operatingIncome": "1002000000.00",
            "otherOperatingExpenses": "2188000000.00",
            "interestExpense": null,
            "taxProvision": null,
            "interestIncome": null,
            "netInterestIncome": null,
            "extraordinaryItems": null,
            "nonRecurring": null,
            "otherItems": null,
            "incomeTaxExpense": "292000000.00",
            "totalRevenue": "3190000000.00",
            "totalOperatingExpenses": "1238000000.00",
            "costOfRevenue": "950000000.00",
            "totalOtherIncomeExpenseNet": "-37000000.00",
            "discontinuedOperations": null,
            "netIncomeFromContinuingOps": null,
            "netIncomeApplicableToCommonShares": null,
            "preferredStockAndOtherAdjustments": null
        },
        "2009-09-30": {
            "date": "2009-09-30",
            "filing_date": "2009-09-30",
            "currency_symbol": null,
            "researchDevelopment": "382000000.00",
            "effectOfAccountingCharges": null,
            "incomeBeforeTax": "562000000.00",
            "minorityInterest": null,
            "netIncome": "447000000.00",
            "sellingGeneralAdministrative": "133000000.00",
            "sellingAndMarketingExpenses": "515000000.00",
            "grossProfit": "1658000000.00",
            "reconciledDepreciation": "120000000.00",
            "ebit": "588000000.00",
            "ebitda": "710000000.00",
            "depreciationAndAmortization": "122000000.00",
            "nonOperatingIncomeNetOther": null,
            "operatingIncome": "619000000.00",
            "otherOperatingExpenses": "1889000000.00",
            "interestExpense": "26000000.00",
            "taxProvision": null,
            "interestIncome": null,
            "netInterestIncome": null,
            "extraordinaryItems": null,
            "nonRecurring": null,
            "otherItems": null,
            "incomeTaxExpense": "115000000.00",
            "totalRevenue": "2508000000.00",
            "totalOperatingExpenses": "1039000000.00",
            "costOfRevenue": "850000000.00",
            "totalOtherIncomeExpenseNet": "-57000000.00",
            "discontinuedOperations": null,
            "netIncomeFromContinuingOps": null,
            "netIncomeApplicableToCommonShares": null,
            "preferredStockAndOtherAdjustments": null
        },
        "2009-06-30": {
            "date": "2009-06-30",
            "filing_date": "2009-06-30",
            "currency_symbol": null,
            "researchDevelopment": "373000000.00",
            "effectOfAccountingCharges": null,
            "incomeBeforeTax": "596000000.00",
            "minorityInterest": null,
            "netIncome": "425000000.00",
            "sellingGeneralAdministrative": "123000000.00",
            "sellingAndMarketingExpenses": "561000000.00",
            "grossProfit": "1709000000.00",
            "reconciledDepreciation": "125000000.00",
            "ebit": "627000000.00",
            "ebitda": "752000000.00",
            "depreciationAndAmortization": "125000000.00",
            "nonOperatingIncomeNetOther": null,
            "operatingIncome": "641000000.00",
            "otherOperatingExpenses": "1935000000.00",
            "interestExpense": "31000000.00",
            "taxProvision": null,
            "interestIncome": null,
            "netInterestIncome": null,
            "extraordinaryItems": null,
            "nonRecurring": null,
            "otherItems": null,
            "incomeTaxExpense": "170000000.00",
            "totalRevenue": "2576000000.00",
            "totalOperatingExpenses": "1068000000.00",
            "costOfRevenue": "867000000.00",
            "totalOtherIncomeExpenseNet": "-45000000.00",
            "discontinuedOperations": null,
            "netIncomeFromContinuingOps": null,
            "netIncomeApplicableToCommonShares": null,
            "preferredStockAndOtherAdjustments": null
        },
        "2009-03-31": {
            "date": "2009-03-31",
            "filing_date": "2009-03-31",
            "currency_symbol": null,
            "researchDevelopment": "365000000.00",
            "effectOfAccountingCharges": null,
            "incomeBeforeTax": "287000000.00",
            "minorityInterest": null,
            "netIncome": "196000000.00",
            "sellingGeneralAdministrative": "139000000.00",
            "sellingAndMarketingExpenses": "513000000.00",
            "grossProfit": "1490000000.00",
            "reconciledDepreciation": "128000000.00",
            "ebit": "314000000.00",
            "ebitda": "442000000.00",
            "depreciationAndAmortization": "128000000.00",
            "nonOperatingIncomeNetOther": null,
            "operatingIncome": "307000000.00",
            "otherOperatingExpenses": "2090000000.00",
            "interestExpense": "24000000.00",
            "taxProvision": null,
            "interestIncome": null,
            "netInterestIncome": null,
            "extraordinaryItems": null,
            "nonRecurring": null,
            "otherItems": null,
            "incomeTaxExpense": "91000000.00",
            "totalRevenue": "2397000000.00",
            "totalOperatingExpenses": "1183000000.00",
            "costOfRevenue": "907000000.00",
            "totalOtherIncomeExpenseNet": "-20000000.00",
            "discontinuedOperations": null,
            "netIncomeFromContinuingOps": null,
            "netIncomeApplicableToCommonShares": null,
            "preferredStockAndOtherAdjustments": null
        },
        "2008-12-31": {
            "date": "2008-12-31",
            "filing_date": "2008-12-31",
            "currency_symbol": null,
            "researchDevelopment": "395792730.00",
            "effectOfAccountingCharges": null,
            "incomeBeforeTax": "1197249770.00",
            "minorityInterest": null,
            "netIncome": "830731260.00",
            "sellingGeneralAdministrative": "776148400.00",
            "sellingAndMarketingExpenses": null,
            "grossProfit": "2445334940.00",
            "reconciledDepreciation": "136716820.00",
            "ebit": "1275657670.00",
            "ebitda": "1412374490.00",
            "depreciationAndAmortization": "136716820.00",
            "nonOperatingIncomeNetOther": null,
            "operatingIncome": "1275657670.00",
            "otherOperatingExpenses": "2217387250.00",
            "interestExpense": null,
            "taxProvision": null,
            "interestIncome": null,
            "netInterestIncome": null,
            "extraordinaryItems": null,
            "nonRecurring": null,
            "otherItems": null,
            "incomeTaxExpense": "335967290.00",
            "totalRevenue": "3493044920.00",
            "totalOperatingExpenses": "1169677270.00",
            "costOfRevenue": "1047709980.00",
            "totalOtherIncomeExpenseNet": "-78407900.00",
            "discontinuedOperations": null,
            "netIncomeFromContinuingOps": null,
            "netIncomeApplicableToCommonShares": null,
            "preferredStockAndOtherAdjustments": null
        },
        "2008-09-30": {
            "date": "2008-09-30",
            "filing_date": "2008-09-30",
            "currency_symbol": null,
            "researchDevelopment": "398000000.00",
            "effectOfAccountingCharges": null,
            "incomeBeforeTax": "602000000.00",
            "minorityInterest": null,
            "netIncome": "388000000.00",
            "sellingGeneralAdministrative": "156000000.00",
            "sellingAndMarketingExpenses": "634000000.00",
            "grossProfit": "1797000000.00",
            "reconciledDepreciation": "146393950.00",
            "ebit": "614000000.00",
            "ebitda": "761017350.00",
            "depreciationAndAmortization": "147017350.00",
            "nonOperatingIncomeNetOther": null,
            "operatingIncome": "614000000.00",
            "otherOperatingExpenses": "2147000000.00",
            "interestExpense": null,
            "taxProvision": null,
            "interestIncome": null,
            "netInterestIncome": null,
            "extraordinaryItems": null,
            "nonRecurring": null,
            "otherItems": null,
            "incomeTaxExpense": "192000000.00",
            "totalRevenue": "2761000000.00",
            "totalOperatingExpenses": "1183000000.00",
            "costOfRevenue": "964000000.00",
            "totalOtherIncomeExpenseNet": "-12000000.00",
            "discontinuedOperations": null,
            "netIncomeFromContinuingOps": null,
            "netIncomeApplicableToCommonShares": null,
            "preferredStockAndOtherAdjustments": null
        },
        "2008-06-30": {
            "date": "2008-06-30",
            "filing_date": "2008-06-30",
            "currency_symbol": null,
            "researchDevelopment": "421303350.00",
            "effectOfAccountingCharges": null,
            "incomeBeforeTax": "555383300.00",
            "minorityInterest": null,
            "netIncome": "382540900.00",
            "sellingGeneralAdministrative": "851503000.00",
            "sellingAndMarketingExpenses": null,
            "grossProfit": "1825647850.00",
            "reconciledDepreciation": "123781280.00",
            "ebit": "549664250.00",
            "ebitda": "682646900.00",
            "depreciationAndAmortization": "132982650.00",
            "nonOperatingIncomeNetOther": null,
            "operatingIncome": "549664250.00",
            "otherOperatingExpenses": "2313673450.00",
            "interestExpense": null,
            "taxProvision": null,
            "interestIncome": null,
            "netInterestIncome": null,
            "extraordinaryItems": null,
            "nonRecurring": null,
            "otherItems": null,
            "incomeTaxExpense": "172842400.00",
            "totalRevenue": "2863337700.00",
            "totalOperatingExpenses": "1275983600.00",
            "costOfRevenue": "1037689850.00",
            "totalOtherIncomeExpenseNet": "5719050.00",
            "discontinuedOperations": null,
            "netIncomeFromContinuingOps": null,
            "netIncomeApplicableToCommonShares": null,
            "preferredStockAndOtherAdjustments": null
        },
        "2008-03-31": {
            "date": "2008-03-31",
            "filing_date": "2008-03-31",
            "currency_symbol": null,
            "researchDevelopment": "405000000.00",
            "effectOfAccountingCharges": null,
            "incomeBeforeTax": "356000000.00",
            "minorityInterest": null,
            "netIncome": "248000000.00",
            "sellingGeneralAdministrative": "152000000.00",
            "sellingAndMarketingExpenses": "599000000.00",
            "grossProfit": "1521000000.00",
            "reconciledDepreciation": "141201370.00",
            "ebit": "387000000.00",
            "ebitda": "519000000.00",
            "depreciationAndAmortization": "132000000.00",
            "nonOperatingIncomeNetOther": null,
            "operatingIncome": "360000000.00",
            "otherOperatingExpenses": "2104000000.00",
            "interestExpense": "31000000.00",
            "taxProvision": null,
            "interestIncome": null,
            "netInterestIncome": null,
            "extraordinaryItems": null,
            "nonRecurring": null,
            "otherItems": null,
            "incomeTaxExpense": "108000000.00",
            "totalRevenue": "2464000000.00",
            "totalOperatingExpenses": "1161000000.00",
            "costOfRevenue": "943000000.00",
            "totalOtherIncomeExpenseNet": "-4000000.00",
            "discontinuedOperations": null,
            "netIncomeFromContinuingOps": null,
            "netIncomeApplicableToCommonShares": null,
            "preferredStockAndOtherAdjustments": null
        },
        "2007-12-31": {
            "date": "2007-12-31",
            "filing_date": "2007-12-31",
            "currency_symbol": null,
            "researchDevelopment": "411164540.00",
            "effectOfAccountingCharges": null,
            "incomeBeforeTax": "1155760560.00",
            "minorityInterest": null,
            "netIncome": "755010790.00",
            "sellingGeneralAdministrative": "774464360.00",
            "sellingAndMarketingExpenses": null,
            "grossProfit": "2305230640.00",
            "reconciledDepreciation": "73510110.00",
            "ebit": "1125536170.00",
            "ebitda": "1199046280.00",
            "depreciationAndAmortization": "73510110.00",
            "nonOperatingIncomeNetOther": null,
            "operatingIncome": "1125536170.00",
            "otherOperatingExpenses": "2119014490.00",
            "interestExpense": null,
            "taxProvision": null,
            "interestIncome": null,
            "netInterestIncome": null,
            "extraordinaryItems": null,
            "nonRecurring": null,
            "otherItems": null,
            "incomeTaxExpense": "386406100.00",
            "totalRevenue": "3244550660.00",
            "totalOperatingExpenses": "1179694470.00",
            "costOfRevenue": "939320020.00",
            "totalOtherIncomeExpenseNet": "30224390.00",
            "discontinuedOperations": null,
            "netIncomeFromContinuingOps": null,
            "netIncomeApplicableToCommonShares": null,
            "preferredStockAndOtherAdjustments": null
        },
        "2007-09-30": {
            "date": "2007-09-30",
            "filing_date": "2007-09-30",
            "currency_symbol": null,
            "researchDevelopment": "357392700.00",
            "effectOfAccountingCharges": null,
            "incomeBeforeTax": "632094540.00",
            "minorityInterest": null,
            "netIncome": "407848140.00",
            "sellingGeneralAdministrative": "633496080.00",
            "sellingAndMarketingExpenses": null,
            "grossProfit": "1586543280.00",
            "reconciledDepreciation": "66648080.00",
            "ebit": "601260660.00",
            "ebitda": "667908740.00",
            "depreciationAndAmortization": "66648080.00",
            "nonOperatingIncomeNetOther": null,
            "operatingIncome": "601260660.00",
            "otherOperatingExpenses": "1821301230.00",
            "interestExpense": null,
            "taxProvision": null,
            "interestIncome": null,
            "netInterestIncome": null,
            "extraordinaryItems": null,
            "nonRecurring": null,
            "otherItems": null,
            "incomeTaxExpense": "222844860.00",
            "totalRevenue": "2422561890.00",
            "totalOperatingExpenses": "985282620.00",
            "costOfRevenue": "836018610.00",
            "totalOtherIncomeExpenseNet": "30833880.00",
            "discontinuedOperations": null,
            "netIncomeFromContinuingOps": null,
            "netIncomeApplicableToCommonShares": null,
            "preferredStockAndOtherAdjustments": null
        },
        "2007-06-30": {
            "date": "2007-06-30",
            "filing_date": "2007-06-30",
            "currency_symbol": null,
            "researchDevelopment": "353132060.00",
            "effectOfAccountingCharges": null,
            "incomeBeforeTax": "608007710.00",
            "minorityInterest": null,
            "netIncome": "449172160.00",
            "sellingGeneralAdministrative": "664893000.00",
            "sellingAndMarketingExpenses": null,
            "grossProfit": "1591310580.00",
            "reconciledDepreciation": "65016280.00",
            "ebit": "576979370.00",
            "ebitda": "641995650.00",
            "depreciationAndAmortization": "65016280.00",
            "nonOperatingIncomeNetOther": null,
            "operatingIncome": "576979370.00",
            "otherOperatingExpenses": "1846925000.00",
            "interestExpense": null,
            "taxProvision": null,
            "interestIncome": null,
            "netInterestIncome": null,
            "extraordinaryItems": null,
            "nonRecurring": null,
            "otherItems": null,
            "incomeTaxExpense": "156619240.00",
            "totalRevenue": "2423904370.00",
            "totalOperatingExpenses": "1014331210.00",
            "costOfRevenue": "832593790.00",
            "totalOtherIncomeExpenseNet": "31028340.00",
            "discontinuedOperations": null,
            "netIncomeFromContinuingOps": null,
            "netIncomeApplicableToCommonShares": null,
            "preferredStockAndOtherAdjustments": null
        },
        "2007-03-31": {
            "date": "2007-03-31",
            "filing_date": "2007-03-31",
            "currency_symbol": null,
            "researchDevelopment": "339097680.00",
            "effectOfAccountingCharges": null,
            "incomeBeforeTax": "468598560.00",
            "minorityInterest": null,
            "netIncome": "309903840.00",
            "sellingGeneralAdministrative": "598848000.00",
            "sellingAndMarketingExpenses": null,
            "grossProfit": "1369116240.00",
            "reconciledDepreciation": "56142000.00",
            "ebit": "435661920.00",
            "ebitda": "491803920.00",
            "depreciationAndAmortization": "56142000.00",
            "nonOperatingIncomeNetOther": null,
            "operatingIncome": "435661920.00",
            "otherOperatingExpenses": "1725430800.00",
            "interestExpense": null,
            "taxProvision": null,
            "interestIncome": null,
            "netInterestIncome": null,
            "extraordinaryItems": null,
            "nonRecurring": null,
            "otherItems": null,
            "incomeTaxExpense": "157197600.00",
            "totalRevenue": "2161092720.00",
            "totalOperatingExpenses": "933454320.00",
            "costOfRevenue": "791976480.00",
            "totalOtherIncomeExpenseNet": "32936640.00",
            "discontinuedOperations": null,
            "netIncomeFromContinuingOps": null,
            "netIncomeApplicableToCommonShares": null,
            "preferredStockAndOtherAdjustments": null
        },
        "2006-12-31": {
            "date": "2006-12-31",
            "filing_date": "2006-12-31",
            "currency_symbol": null,
            "researchDevelopment": "380493047.00",
            "effectOfAccountingCharges": null,
            "incomeBeforeTax": "1096311054.00",
            "minorityInterest": null,
            "netIncome": "788577372.00",
            "sellingGeneralAdministrative": "690838552.87",
            "sellingAndMarketingExpenses": null,
            "grossProfit": "2064817326.00",
            "reconciledDepreciation": "56634239.84",
            "ebit": "1044223222.00",
            "ebitda": "1100857461.00",
            "depreciationAndAmortization": "56634239.00",
            "nonOperatingIncomeNetOther": null,
            "operatingIncome": "1043647377.00",
            "otherOperatingExpenses": "1883089184.00",
            "interestExpense": null,
            "taxProvision": null,
            "interestIncome": null,
            "netInterestIncome": null,
            "extraordinaryItems": null,
            "nonRecurring": null,
            "otherItems": null,
            "incomeTaxExpense": "308287441.00",
            "totalRevenue": "2926736561.00",
            "totalOperatingExpenses": "1021169948.00",
            "costOfRevenue": "861919235.00",
            "totalOtherIncomeExpenseNet": "52663677.00",
            "discontinuedOperations": null,
            "netIncomeFromContinuingOps": null,
            "netIncomeApplicableToCommonShares": null,
            "preferredStockAndOtherAdjustments": null
        },
        "2006-09-30": {
            "date": "2006-09-30",
            "filing_date": "2006-09-30",
            "currency_symbol": null,
            "researchDevelopment": "331731160.00",
            "effectOfAccountingCharges": null,
            "incomeBeforeTax": "570483040.00",
            "minorityInterest": null,
            "netIncome": "369553240.00",
            "sellingGeneralAdministrative": "563391400.00",
            "sellingAndMarketingExpenses": null,
            "grossProfit": "1445906600.00",
            "reconciledDepreciation": "49593200.00",
            "ebit": "548420160.00",
            "ebitda": "598013360.00",
            "depreciationAndAmortization": "49593200.00",
            "nonOperatingIncomeNetOther": null,
            "operatingIncome": "548420160.00",
            "otherOperatingExpenses": "1663383560.00",
            "interestExpense": null,
            "taxProvision": null,
            "interestIncome": null,
            "netInterestIncome": null,
            "extraordinaryItems": null,
            "nonRecurring": null,
            "otherItems": null,
            "incomeTaxExpense": "200141840.00",
            "totalRevenue": "2211803720.00",
            "totalOperatingExpenses": "897486440.00",
            "costOfRevenue": "765897120.00",
            "totalOtherIncomeExpenseNet": "22062880.00",
            "discontinuedOperations": null,
            "netIncomeFromContinuingOps": null,
            "netIncomeApplicableToCommonShares": null,
            "preferredStockAndOtherAdjustments": null
        },
        "2006-06-30": {
            "date": "2006-06-30",
            "filing_date": "2006-06-30",
            "currency_symbol": null,
            "researchDevelopment": "316170400.00",
            "effectOfAccountingCharges": null,
            "incomeBeforeTax": "555646000.00",
            "minorityInterest": null,
            "netIncome": "415560600.00",
            "sellingGeneralAdministrative": "573645800.00",
            "sellingAndMarketingExpenses": null,
            "grossProfit": "1416506000.00",
            "reconciledDepreciation": "54373150.00",
            "ebit": "524342000.00",
            "ebitda": "578715150.00",
            "depreciationAndAmortization": "54373150.00",
            "nonOperatingIncomeNetOther": null,
            "operatingIncome": "524342000.00",
            "otherOperatingExpenses": "1672416200.00",
            "interestExpense": null,
            "taxProvision": null,
            "interestIncome": null,
            "netInterestIncome": null,
            "extraordinaryItems": null,
            "nonRecurring": null,
            "otherItems": null,
            "incomeTaxExpense": "139302800.00",
            "totalRevenue": "2196758200.00",
            "totalOperatingExpenses": "892164000.00",
            "costOfRevenue": "780252200.00",
            "totalOtherIncomeExpenseNet": "31304000.00",
            "discontinuedOperations": null,
            "netIncomeFromContinuingOps": null,
            "netIncomeApplicableToCommonShares": null,
            "preferredStockAndOtherAdjustments": null
        },
        "2006-03-31": {
            "date": "2006-03-31",
            "filing_date": "2006-03-31",
            "currency_symbol": null,
            "researchDevelopment": "311028770.00",
            "effectOfAccountingCharges": null,
            "incomeBeforeTax": "428180190.00",
            "minorityInterest": null,
            "netIncome": "282153420.00",
            "sellingGeneralAdministrative": "548631650.00",
            "sellingAndMarketingExpenses": null,
            "grossProfit": "1264740330.00",
            "reconciledDepreciation": "53625650.00",
            "ebit": "408379950.00",
            "ebitda": "462005600.00",
            "depreciationAndAmortization": "53625650.00",
            "nonOperatingIncomeNetOther": null,
            "operatingIncome": "408379950.00",
            "otherOperatingExpenses": "1631869780.00",
            "interestExpense": null,
            "taxProvision": null,
            "interestIncome": null,
            "netInterestIncome": null,
            "extraordinaryItems": null,
            "nonRecurring": null,
            "otherItems": null,
            "incomeTaxExpense": "146026770.00",
            "totalRevenue": "2040249730.00",
            "totalOperatingExpenses": "856360380.00",
            "costOfRevenue": "775509400.00",
            "totalOtherIncomeExpenseNet": "19800240.00",
            "discontinuedOperations": null,
            "netIncomeFromContinuingOps": null,
            "netIncomeApplicableToCommonShares": null,
            "preferredStockAndOtherAdjustments": null
        },
        "2005-12-31": {
            "date": "2005-12-31",
            "filing_date": "2005-12-31",
            "currency_symbol": null,
            "researchDevelopment": "244978966.00",
            "effectOfAccountingCharges": null,
            "incomeBeforeTax": "962251214.00",
            "minorityInterest": null,
            "netIncome": "619197061.00",
            "sellingGeneralAdministrative": "634567851.14",
            "sellingAndMarketingExpenses": null,
            "grossProfit": "1857466860.00",
            "reconciledDepreciation": "48789561.76",
            "ebit": "979109875.00",
            "ebitda": "1027899436.00",
            "depreciationAndAmortization": "48789561.00",
            "nonOperatingIncomeNetOther": null,
            "operatingIncome": "979109874.00",
            "otherOperatingExpenses": "1774191458.00",
            "interestExpense": null,
            "taxProvision": null,
            "interestIncome": null,
            "netInterestIncome": null,
            "extraordinaryItems": null,
            "nonRecurring": null,
            "otherItems": null,
            "incomeTaxExpense": "341823082.00",
            "totalRevenue": "2753301332.00",
            "totalOperatingExpenses": "878356985.00",
            "costOfRevenue": "895834472.00",
            "totalOtherIncomeExpenseNet": "-16858660.00",
            "discontinuedOperations": null,
            "netIncomeFromContinuingOps": null,
            "netIncomeApplicableToCommonShares": null,
            "preferredStockAndOtherAdjustments": null
        },
        "2005-09-30": {
            "date": "2005-09-30",
            "filing_date": "2005-09-30",
            "currency_symbol": null,
            "researchDevelopment": "253512950.00",
            "effectOfAccountingCharges": null,
            "incomeBeforeTax": "516168990.00",
            "minorityInterest": null,
            "netIncome": "333307190.00",
            "sellingGeneralAdministrative": "536117550.00",
            "sellingAndMarketingExpenses": null,
            "grossProfit": "1307461870.00",
            "reconciledDepreciation": "53837880.00",
            "ebit": "516168990.00",
            "ebitda": "570006870.00",
            "depreciationAndAmortization": "53837880.00",
            "nonOperatingIncomeNetOther": null,
            "operatingIncome": "516168990.00",
            "otherOperatingExpenses": "1495310810.00",
            "interestExpense": null,
            "taxProvision": null,
            "interestIncome": null,
            "netInterestIncome": null,
            "extraordinaryItems": null,
            "nonRecurring": null,
            "otherItems": null,
            "incomeTaxExpense": "182030610.00",
            "totalRevenue": "2011479800.00",
            "totalOperatingExpenses": "791292880.00",
            "costOfRevenue": "704017930.00",
            "totalOtherIncomeExpenseNet": "-11636660.00",
            "discontinuedOperations": null,
            "netIncomeFromContinuingOps": null,
            "netIncomeApplicableToCommonShares": null,
            "preferredStockAndOtherAdjustments": null
        },
        "2005-06-30": {
            "date": "2005-06-30",
            "filing_date": "2005-06-30",
            "currency_symbol": null,
            "researchDevelopment": "301464450.00",
            "effectOfAccountingCharges": null,
            "incomeBeforeTax": "439394760.00",
            "minorityInterest": null,
            "netIncome": "288249570.00",
            "sellingGeneralAdministrative": "557502750.00",
            "sellingAndMarketingExpenses": null,
            "grossProfit": "1311576840.00",
            "reconciledDepreciation": "52163370.00",
            "ebit": "459217080.00",
            "ebitda": "511380450.00",
            "depreciationAndAmortization": "52163370.00",
            "nonOperatingIncomeNetOther": null,
            "operatingIncome": "459217080.00",
            "otherOperatingExpenses": "1552748400.00",
            "interestExpense": null,
            "taxProvision": null,
            "interestIncome": null,
            "netInterestIncome": null,
            "extraordinaryItems": null,
            "nonRecurring": null,
            "otherItems": null,
            "incomeTaxExpense": "150319260.00",
            "totalRevenue": "2011965480.00",
            "totalOperatingExpenses": "852359760.00",
            "costOfRevenue": "700388640.00",
            "totalOtherIncomeExpenseNet": "-19822320.00",
            "discontinuedOperations": null,
            "netIncomeFromContinuingOps": null,
            "netIncomeApplicableToCommonShares": null,
            "preferredStockAndOtherAdjustments": null
        },
        "2005-03-31": {
            "date": "2005-03-31",
            "filing_date": "2005-03-31",
            "currency_symbol": null,
            "researchDevelopment": "266143350.00",
            "effectOfAccountingCharges": null,
            "incomeBeforeTax": "396515020.00",
            "minorityInterest": null,
            "netIncome": "253800470.00",
            "sellingGeneralAdministrative": "450515120.00",
            "sellingAndMarketingExpenses": null,
            "grossProfit": "1091573450.00",
            "reconciledDepreciation": "48600090.00",
            "ebit": "374143550.00",
            "ebitda": "422743640.00",
            "depreciationAndAmortization": "48600090.00",
            "nonOperatingIncomeNetOther": null,
            "operatingIncome": "374143550.00",
            "otherOperatingExpenses": "1353859650.00",
            "interestExpense": null,
            "taxProvision": null,
            "interestIncome": null,
            "netInterestIncome": null,
            "extraordinaryItems": null,
            "nonRecurring": null,
            "otherItems": null,
            "incomeTaxExpense": "141943120.00",
            "totalRevenue": "1728003200.00",
            "totalOperatingExpenses": "717429900.00",
            "costOfRevenue": "636429750.00",
            "totalOtherIncomeExpenseNet": "22371470.00",
            "discontinuedOperations": null,
            "netIncomeFromContinuingOps": null,
            "netIncomeApplicableToCommonShares": null,
            "preferredStockAndOtherAdjustments": null
        },
        "2004-12-31": {
            "date": "2004-12-31",
            "filing_date": "2004-12-31",
            "currency_symbol": null,
            "researchDevelopment": "287464884.00",
            "effectOfAccountingCharges": null,
            "incomeBeforeTax": "851170045.00",
            "minorityInterest": null,
            "netIncome": "540757061.00",
            "sellingGeneralAdministrative": "543297816.16",
            "sellingAndMarketingExpenses": null,
            "grossProfit": "1658922329.00",
            "reconciledDepreciation": "56720198.24",
            "ebit": "839333593.00",
            "ebitda": "896053791.00",
            "depreciationAndAmortization": "56720198.00",
            "nonOperatingIncomeNetOther": null,
            "operatingIncome": "832333010.00",
            "otherOperatingExpenses": "1564436823.00",
            "interestExpense": null,
            "taxProvision": null,
            "interestIncome": null,
            "netInterestIncome": null,
            "extraordinaryItems": null,
            "nonRecurring": null,
            "otherItems": null,
            "incomeTaxExpense": "309585850.00",
            "totalRevenue": "2396769833.00",
            "totalOperatingExpenses": "826589318.00",
            "costOfRevenue": "737847504.00",
            "totalOtherIncomeExpenseNet": "18837035.00",
            "discontinuedOperations": null,
            "netIncomeFromContinuingOps": null,
            "netIncomeApplicableToCommonShares": null,
            "preferredStockAndOtherAdjustments": null
        },
        "2004-09-30": {
            "date": "2004-09-30",
            "filing_date": "2004-09-30",
            "currency_symbol": null,
            "researchDevelopment": "239645640.00",
            "effectOfAccountingCharges": null,
            "incomeBeforeTax": "464816040.00",
            "minorityInterest": null,
            "netIncome": "291113160.00",
            "sellingGeneralAdministrative": "447124080.00",
            "sellingAndMarketingExpenses": null,
            "grossProfit": "1149977400.00",
            "reconciledDepreciation": "52773720.00",
            "ebit": "460795140.00",
            "ebitda": "513568860.00",
            "depreciationAndAmortization": "52773720.00",
            "nonOperatingIncomeNetOther": null,
            "operatingIncome": "460795140.00",
            "otherOperatingExpenses": "1314834300.00",
            "interestExpense": null,
            "taxProvision": null,
            "interestIncome": null,
            "netInterestIncome": null,
            "extraordinaryItems": null,
            "nonRecurring": null,
            "otherItems": null,
            "incomeTaxExpense": "172898700.00",
            "totalRevenue": "1775629440.00",
            "totalOperatingExpenses": "689182260.00",
            "costOfRevenue": "625652040.00",
            "totalOtherIncomeExpenseNet": "4020900.00",
            "discontinuedOperations": null,
            "netIncomeFromContinuingOps": null,
            "netIncomeApplicableToCommonShares": null,
            "preferredStockAndOtherAdjustments": null
        },
        "2004-06-30": {
            "date": "2004-06-30",
            "filing_date": "2004-06-30",
            "currency_symbol": null,
            "researchDevelopment": "260709120.00",
            "effectOfAccountingCharges": null,
            "incomeBeforeTax": "390243840.00",
            "minorityInterest": null,
            "netIncome": "248411520.00",
            "sellingGeneralAdministrative": "492723840.00",
            "sellingAndMarketingExpenses": null,
            "grossProfit": "1140397440.00",
            "reconciledDepreciation": "51320880.00",
            "ebit": "390243840.00",
            "ebitda": "441564720.00",
            "depreciationAndAmortization": "51320880.00",
            "nonOperatingIncomeNetOther": null,
            "operatingIncome": "390243840.00",
            "otherOperatingExpenses": "1388808960.00",
            "interestExpense": null,
            "taxProvision": null,
            "interestIncome": null,
            "netInterestIncome": null,
            "extraordinaryItems": null,
            "nonRecurring": null,
            "otherItems": null,
            "incomeTaxExpense": "141012480.00",
            "totalRevenue": "1779052800.00",
            "totalOperatingExpenses": "750153600.00",
            "costOfRevenue": "638655360.00",
            "totalOtherIncomeExpenseNet": "-8198400.00",
            "discontinuedOperations": null,
            "netIncomeFromContinuingOps": null,
            "netIncomeApplicableToCommonShares": null,
            "preferredStockAndOtherAdjustments": null
        },
        "2004-03-31": {
            "date": "2004-03-31",
            "filing_date": "2004-03-31",
            "currency_symbol": null,
            "researchDevelopment": "230511440.00",
            "effectOfAccountingCharges": null,
            "incomeBeforeTax": "363623680.00",
            "minorityInterest": null,
            "netIncome": "228888120.00",
            "sellingGeneralAdministrative": "405830000.00",
            "sellingAndMarketingExpenses": null,
            "grossProfit": "972368680.00",
            "reconciledDepreciation": "48699600.00",
            "ebit": "332780600.00",
            "ebitda": "381480200.00",
            "depreciationAndAmortization": "48699600.00",
            "nonOperatingIncomeNetOther": null,
            "operatingIncome": "332780600.00",
            "otherOperatingExpenses": "1221548300.00",
            "interestExpense": null,
            "taxProvision": null,
            "interestIncome": null,
            "netInterestIncome": null,
            "extraordinaryItems": null,
            "nonRecurring": null,
            "otherItems": null,
            "incomeTaxExpense": "133112240.00",
            "totalRevenue": "1554328900.00",
            "totalOperatingExpenses": "639588080.00",
            "costOfRevenue": "581960220.00",
            "totalOtherIncomeExpenseNet": "30843080.00",
            "discontinuedOperations": null,
            "netIncomeFromContinuingOps": null,
            "netIncomeApplicableToCommonShares": null,
            "preferredStockAndOtherAdjustments": null
        },
        "2003-12-31": {
            "date": "2003-12-31",
            "filing_date": "2003-12-31",
            "currency_symbol": null,
            "researchDevelopment": "313927530.00",
            "effectOfAccountingCharges": null,
            "incomeBeforeTax": "690012570.00",
            "minorityInterest": null,
            "netIncome": "418928068.00",
            "sellingGeneralAdministrative": "521137011.52",
            "sellingAndMarketingExpenses": null,
            "grossProfit": "1506923993.00",
            "reconciledDepreciation": "62443540.44",
            "ebit": "671001601.00",
            "ebitda": "733445141.00",
            "depreciationAndAmortization": "62443540.00",
            "nonOperatingIncomeNetOther": null,
            "operatingIncome": "671001601.00",
            "otherOperatingExpenses": "1534809778.00",
            "interestExpense": null,
            "taxProvision": null,
            "interestIncome": null,
            "netInterestIncome": null,
            "extraordinaryItems": null,
            "nonRecurring": null,
            "otherItems": null,
            "incomeTaxExpense": "271084501.00",
            "totalRevenue": "2205811380.00",
            "totalOperatingExpenses": "835922392.00",
            "costOfRevenue": "698887386.00",
            "totalOtherIncomeExpenseNet": "19010969.00",
            "discontinuedOperations": null,
            "netIncomeFromContinuingOps": null,
            "netIncomeApplicableToCommonShares": null,
            "preferredStockAndOtherAdjustments": null
        },
        "2003-09-30": {
            "date": "2003-09-30",
            "filing_date": "2003-09-30",
            "currency_symbol": null,
            "researchDevelopment": "222183150.00",
            "effectOfAccountingCharges": null,
            "incomeBeforeTax": "422920050.00",
            "minorityInterest": null,
            "netIncome": "252207900.00",
            "sellingGeneralAdministrative": "410052300.00",
            "sellingAndMarketingExpenses": null,
            "grossProfit": "1037140650.00",
            "reconciledDepreciation": "51011430.00",
            "ebit": "412625850.00",
            "ebitda": "463637280.00",
            "depreciationAndAmortization": "51011430.00",
            "nonOperatingIncomeNetOther": null,
            "operatingIncome": "412625850.00",
            "otherOperatingExpenses": "1237877550.00",
            "interestExpense": null,
            "taxProvision": null,
            "interestIncome": null,
            "netInterestIncome": null,
            "extraordinaryItems": null,
            "nonRecurring": null,
            "otherItems": null,
            "incomeTaxExpense": "170712150.00",
            "totalRevenue": "1650503400.00",
            "totalOperatingExpenses": "624514800.00",
            "costOfRevenue": "613362750.00",
            "totalOtherIncomeExpenseNet": "10294200.00",
            "discontinuedOperations": null,
            "netIncomeFromContinuingOps": null,
            "netIncomeApplicableToCommonShares": null,
            "preferredStockAndOtherAdjustments": null
        },
        "2003-06-30": {
            "date": "2003-06-30",
            "filing_date": "2003-06-30",
            "currency_symbol": null,
            "researchDevelopment": "240743470.00",
            "effectOfAccountingCharges": null,
            "incomeBeforeTax": "345036670.00",
            "minorityInterest": null,
            "netIncome": "218146610.00",
            "sellingGeneralAdministrative": "456282750.00",
            "sellingAndMarketingExpenses": null,
            "grossProfit": "1035979120.00",
            "reconciledDepreciation": "52262370.00",
            "ebit": "338952900.00",
            "ebitda": "391215270.00",
            "depreciationAndAmortization": "52262370.00",
            "nonOperatingIncomeNetOther": null,
            "operatingIncome": "338952900.00",
            "otherOperatingExpenses": "1295843010.00",
            "interestExpense": null,
            "taxProvision": null,
            "interestIncome": null,
            "netInterestIncome": null,
            "extraordinaryItems": null,
            "nonRecurring": null,
            "otherItems": null,
            "incomeTaxExpense": "126890060.00",
            "totalRevenue": "1634795910.00",
            "totalOperatingExpenses": "697026220.00",
            "costOfRevenue": "598816790.00",
            "totalOtherIncomeExpenseNet": "6083770.00",
            "discontinuedOperations": null,
            "netIncomeFromContinuingOps": null,
            "netIncomeApplicableToCommonShares": null,
            "preferredStockAndOtherAdjustments": null
        },
        "2003-03-31": {
            "date": "2003-03-31",
            "filing_date": "2003-03-31",
            "currency_symbol": null,
            "researchDevelopment": "217829500.00",
            "effectOfAccountingCharges": null,
            "incomeBeforeTax": "308439250.00",
            "minorityInterest": null,
            "netIncome": "185795750.00",
            "sellingGeneralAdministrative": "386235500.00",
            "sellingAndMarketingExpenses": null,
            "grossProfit": "900606000.00",
            "reconciledDepreciation": "49423500.00",
            "ebit": "297456250.00",
            "ebitda": "346879750.00",
            "depreciationAndAmortization": "49423500.00",
            "nonOperatingIncomeNetOther": null,
            "operatingIncome": "297456250.00",
            "otherOperatingExpenses": "1218197750.00",
            "interestExpense": null,
            "taxProvision": null,
            "interestIncome": null,
            "netInterestIncome": null,
            "extraordinaryItems": null,
            "nonRecurring": null,
            "otherItems": null,
            "incomeTaxExpense": "122643500.00",
            "totalRevenue": "1515654000.00",
            "totalOperatingExpenses": "603149750.00",
            "costOfRevenue": "615048000.00",
            "totalOtherIncomeExpenseNet": "10983000.00",
            "discontinuedOperations": null,
            "netIncomeFromContinuingOps": null,
            "netIncomeApplicableToCommonShares": null,
            "preferredStockAndOtherAdjustments": null
        },
        "2002-12-31": {
            "date": "2002-12-31",
            "filing_date": "2002-12-31",
            "currency_symbol": null,
            "researchDevelopment": "263122402.00",
            "effectOfAccountingCharges": null,
            "incomeBeforeTax": "788319750.00",
            "minorityInterest": null,
            "netIncome": "473630615.00",
            "sellingGeneralAdministrative": "516435227.89",
            "sellingAndMarketingExpenses": null,
            "grossProfit": "1551717932.00",
            "reconciledDepreciation": null,
            "ebit": "-6632901513.44",
            "ebitda": "-6586752989.00",
            "depreciationAndAmortization": "604588086.00",
            "nonOperatingIncomeNetOther": null,
            "operatingIncome": "-6632901514.00",
            "otherOperatingExpenses": "8920282975.00",
            "interestExpense": null,
            "taxProvision": null,
            "interestIncome": null,
            "netInterestIncome": null,
            "extraordinaryItems": null,
            "nonRecurring": null,
            "otherItems": null,
            "incomeTaxExpense": "314689135.00",
            "totalRevenue": "2287381460.00",
            "totalOperatingExpenses": "8184619446.00",
            "costOfRevenue": "735663528.00",
            "totalOtherIncomeExpenseNet": "7421221264.00",
            "discontinuedOperations": null,
            "netIncomeFromContinuingOps": null,
            "netIncomeApplicableToCommonShares": null,
            "preferredStockAndOtherAdjustments": null
        },
        "2002-09-30": {
            "date": "2002-09-30",
            "filing_date": "2002-09-30",
            "currency_symbol": null,
            "researchDevelopment": "194430720.00",
            "effectOfAccountingCharges": null,
            "incomeBeforeTax": "301772680.00",
            "minorityInterest": null,
            "netIncome": "201519340.00",
            "sellingGeneralAdministrative": "462785620.00",
            "sellingAndMarketingExpenses": null,
            "grossProfit": "1030887880.00",
            "reconciledDepreciation": null,
            "ebit": "303798000.00",
            "ebitda": "335190460.00",
            "depreciationAndAmortization": "31392460.00",
            "nonOperatingIncomeNetOther": null,
            "operatingIncome": "335190460.00",
            "otherOperatingExpenses": "1365065680.00",
            "interestExpense": null,
            "taxProvision": null,
            "interestIncome": null,
            "netInterestIncome": null,
            "extraordinaryItems": null,
            "nonRecurring": null,
            "otherItems": null,
            "incomeTaxExpense": "100253340.00",
            "totalRevenue": "1700256140.00",
            "totalOperatingExpenses": "695697420.00",
            "costOfRevenue": "669368260.00",
            "totalOtherIncomeExpenseNet": "-33417780.00",
            "discontinuedOperations": null,
            "netIncomeFromContinuingOps": null,
            "netIncomeApplicableToCommonShares": null,
            "preferredStockAndOtherAdjustments": null
        },
        "2002-06-30": {
            "date": "2002-06-30",
            "filing_date": "2002-06-30",
            "currency_symbol": null,
            "researchDevelopment": "230511400.00",
            "effectOfAccountingCharges": null,
            "incomeBeforeTax": "-106699600.00",
            "minorityInterest": null,
            "netIncome": "-231518000.00",
            "sellingGeneralAdministrative": "541550800.00",
            "sellingAndMarketingExpenses": null,
            "grossProfit": "1091154400.00",
            "reconciledDepreciation": null,
            "ebit": "319092200.00",
            "ebitda": "319092200.00",
            "depreciationAndAmortization": "-28184800.00",
            "nonOperatingIncomeNetOther": null,
            "operatingIncome": "319092200.00",
            "otherOperatingExpenses": "1455543600.00",
            "interestExpense": null,
            "taxProvision": null,
            "interestIncome": null,
            "netInterestIncome": null,
            "extraordinaryItems": null,
            "nonRecurring": null,
            "otherItems": null,
            "incomeTaxExpense": "124818400.00",
            "totalRevenue": "1774635800.00",
            "totalOperatingExpenses": "772062200.00",
            "costOfRevenue": "683481400.00",
            "totalOtherIncomeExpenseNet": "-425791800.00",
            "discontinuedOperations": null,
            "netIncomeFromContinuingOps": null,
            "netIncomeApplicableToCommonShares": null,
            "preferredStockAndOtherAdjustments": null
        },
        "2002-03-31": {
            "date": "2002-03-31",
            "filing_date": "2002-03-31",
            "currency_symbol": null,
            "researchDevelopment": "221428900.00",
            "effectOfAccountingCharges": null,
            "incomeBeforeTax": "125055700.00",
            "minorityInterest": null,
            "netIncome": "65396100.00",
            "sellingGeneralAdministrative": "516285000.00",
            "sellingAndMarketingExpenses": null,
            "grossProfit": "925871100.00",
            "reconciledDepreciation": null,
            "ebit": "183568000.00",
            "ebitda": "185862600.00",
            "depreciationAndAmortization": "2294600.00",
            "nonOperatingIncomeNetOther": null,
            "operatingIncome": "185862600.00",
            "otherOperatingExpenses": "1470838600.00",
            "interestExpense": null,
            "taxProvision": null,
            "interestIncome": null,
            "netInterestIncome": null,
            "extraordinaryItems": null,
            "nonRecurring": null,
            "otherItems": null,
            "incomeTaxExpense": "59659600.00",
            "totalRevenue": "1656701200.00",
            "totalOperatingExpenses": "740008500.00",
            "costOfRevenue": "730830100.00",
            "totalOtherIncomeExpenseNet": "-60806900.00",
            "discontinuedOperations": null,
            "netIncomeFromContinuingOps": null,
            "netIncomeApplicableToCommonShares": null,
            "preferredStockAndOtherAdjustments": null
        },
        "2001-12-31": {
            "date": "2001-12-31",
            "filing_date": "2001-12-31",
            "currency_symbol": null,
            "researchDevelopment": "188916100.00",
            "effectOfAccountingCharges": null,
            "incomeBeforeTax": "459352810.00",
            "minorityInterest": null,
            "netIncome": "295659470.00",
            "sellingGeneralAdministrative": "485641440.00",
            "sellingAndMarketingExpenses": null,
            "grossProfit": "1224362950.00",
            "reconciledDepreciation": "62508990.00",
            "ebit": "510308180.00",
            "ebitda": "572817170.00",
            "depreciationAndAmortization": "62508990.00",
            "nonOperatingIncomeNetOther": null,
            "operatingIncome": "510308180.00",
            "otherOperatingExpenses": "1366773760.00",
            "interestExpense": null,
            "taxProvision": null,
            "interestIncome": null,
            "netInterestIncome": null,
            "extraordinaryItems": null,
            "nonRecurring": null,
            "otherItems": null,
            "incomeTaxExpense": "163693340.00",
            "totalRevenue": "1877081940.00",
            "totalOperatingExpenses": "714054770.00",
            "costOfRevenue": "652718990.00",
            "totalOtherIncomeExpenseNet": "-50955370.00",
            "discontinuedOperations": null,
            "netIncomeFromContinuingOps": null,
            "netIncomeApplicableToCommonShares": null,
            "preferredStockAndOtherAdjustments": null
        },
        "2001-09-30": {
            "date": "2001-09-30",
            "filing_date": "2001-09-30",
            "currency_symbol": null,
            "researchDevelopment": "236005500.00",
            "effectOfAccountingCharges": null,
            "incomeBeforeTax": "115258500.00",
            "minorityInterest": null,
            "netIncome": "40614900.00",
            "sellingGeneralAdministrative": "581781000.00",
            "sellingAndMarketingExpenses": null,
            "grossProfit": "1017567900.00",
            "reconciledDepreciation": "93801600.00",
            "ebit": "173436600.00",
            "ebitda": "267238200.00",
            "depreciationAndAmortization": "93801600.00",
            "nonOperatingIncomeNetOther": null,
            "operatingIncome": "173436600.00",
            "otherOperatingExpenses": "1620205200.00",
            "interestExpense": null,
            "taxProvision": null,
            "interestIncome": null,
            "netInterestIncome": null,
            "extraordinaryItems": null,
            "nonRecurring": null,
            "otherItems": null,
            "incomeTaxExpense": "74643600.00",
            "totalRevenue": "1793641800.00",
            "totalOperatingExpenses": "844131300.00",
            "costOfRevenue": "776073900.00",
            "totalOtherIncomeExpenseNet": "-58178100.00",
            "discontinuedOperations": null,
            "netIncomeFromContinuingOps": null,
            "netIncomeApplicableToCommonShares": null,
            "preferredStockAndOtherAdjustments": null
        },
        "2001-06-30": {
            "date": "2001-06-30",
            "filing_date": "2001-06-30",
            "currency_symbol": null,
            "researchDevelopment": "229437000.00",
            "effectOfAccountingCharges": null,
            "incomeBeforeTax": "350626800.00",
            "minorityInterest": null,
            "netIncome": "205905000.00",
            "sellingGeneralAdministrative": "575357400.00",
            "sellingAndMarketingExpenses": null,
            "grossProfit": "1178953200.00",
            "reconciledDepreciation": null,
            "ebit": "338860800.00",
            "ebitda": "372982200.00",
            "depreciationAndAmortization": "34121400.00",
            "nonOperatingIncomeNetOther": null,
            "operatingIncome": "372982200.00",
            "otherOperatingExpenses": "1478986200.00",
            "interestExpense": null,
            "taxProvision": null,
            "interestIncome": null,
            "netInterestIncome": null,
            "extraordinaryItems": null,
            "nonRecurring": null,
            "otherItems": null,
            "incomeTaxExpense": "144721800.00",
            "totalRevenue": "1851968400.00",
            "totalOperatingExpenses": "805971000.00",
            "costOfRevenue": "673015200.00",
            "totalOtherIncomeExpenseNet": "-22355400.00",
            "discontinuedOperations": null,
            "netIncomeFromContinuingOps": null,
            "netIncomeApplicableToCommonShares": null,
            "preferredStockAndOtherAdjustments": null
        },
        "2001-03-31": {
            "date": "2001-03-31",
            "filing_date": "2001-03-31",
            "currency_symbol": null,
            "researchDevelopment": "206620550.00",
            "effectOfAccountingCharges": null,
            "incomeBeforeTax": "190638850.00",
            "minorityInterest": null,
            "netIncome": "117579650.00",
            "sellingGeneralAdministrative": "450912250.00",
            "sellingAndMarketingExpenses": null,
            "grossProfit": "872144200.00",
            "reconciledDepreciation": null,
            "ebit": "203195900.00",
            "ebitda": "206620550.00",
            "depreciationAndAmortization": "3424650.00",
            "nonOperatingIncomeNetOther": null,
            "operatingIncome": "206620550.00",
            "otherOperatingExpenses": "1318490250.00",
            "interestExpense": null,
            "taxProvision": null,
            "interestIncome": null,
            "netInterestIncome": null,
            "extraordinaryItems": null,
            "nonRecurring": null,
            "otherItems": null,
            "incomeTaxExpense": "74200750.00",
            "totalRevenue": "1525110800.00",
            "totalOperatingExpenses": "665523650.00",
            "costOfRevenue": "652966600.00",
            "totalOtherIncomeExpenseNet": "-15981700.00",
            "discontinuedOperations": null,
            "netIncomeFromContinuingOps": null,
            "netIncomeApplicableToCommonShares": null,
            "preferredStockAndOtherAdjustments": null
        },
        "2000-12-31": {
            "date": "2000-12-31",
            "filing_date": "2000-12-31",
            "currency_symbol": null,
            "researchDevelopment": "359058621.00",
            "effectOfAccountingCharges": null,
            "incomeBeforeTax": "589240078.00",
            "minorityInterest": null,
            "netIncome": "374448788.00",
            "sellingGeneralAdministrative": "701685448.88",
            "sellingAndMarketingExpenses": null,
            "grossProfit": "1525780861.00",
            "reconciledDepreciation": null,
            "ebit": "216216635.90",
            "ebitda": "216216635.00",
            "depreciationAndAmortization": "-693312430.54",
            "nonOperatingIncomeNetOther": null,
            "operatingIncome": "216216635.00",
            "otherOperatingExpenses": "1941885181.00",
            "interestExpense": null,
            "taxProvision": null,
            "interestIncome": null,
            "netInterestIncome": null,
            "extraordinaryItems": null,
            "nonRecurring": null,
            "otherItems": null,
            "incomeTaxExpense": "214791289.00",
            "totalRevenue": "2158101817.00",
            "totalOperatingExpenses": "1309564225.00",
            "costOfRevenue": "632320955.00",
            "totalOtherIncomeExpenseNet": "373023442.00",
            "discontinuedOperations": null,
            "netIncomeFromContinuingOps": null,
            "netIncomeApplicableToCommonShares": null,
            "preferredStockAndOtherAdjustments": null
        },
        "2000-09-30": {
            "date": "2000-09-30",
            "filing_date": "2000-09-30",
            "currency_symbol": null,
            "researchDevelopment": "213128080.00",
            "effectOfAccountingCharges": null,
            "incomeBeforeTax": "150776780.00",
            "minorityInterest": null,
            "netIncome": "88425480.00",
            "sellingGeneralAdministrative": "421721520.00",
            "sellingAndMarketingExpenses": null,
            "grossProfit": "844576700.00",
            "reconciledDepreciation": null,
            "ebit": "154177760.00",
            "ebitda": "209727100.00",
            "depreciationAndAmortization": "55549340.00",
            "nonOperatingIncomeNetOther": null,
            "operatingIncome": "209727100.00",
            "otherOperatingExpenses": "1213016200.00",
            "interestExpense": null,
            "taxProvision": null,
            "interestIncome": null,
            "netInterestIncome": null,
            "extraordinaryItems": null,
            "nonRecurring": null,
            "otherItems": null,
            "incomeTaxExpense": "62351300.00",
            "totalRevenue": "1422743300.00",
            "totalOperatingExpenses": "634849600.00",
            "costOfRevenue": "578166600.00",
            "totalOtherIncomeExpenseNet": "-58950320.00",
            "discontinuedOperations": null,
            "netIncomeFromContinuingOps": null,
            "netIncomeApplicableToCommonShares": null,
            "preferredStockAndOtherAdjustments": null
        },
        "2000-06-30": {
            "date": "2000-06-30",
            "filing_date": "2000-06-30",
            "currency_symbol": null,
            "researchDevelopment": "202613330.00",
            "effectOfAccountingCharges": null,
            "incomeBeforeTax": "193165040.00",
            "minorityInterest": null,
            "netIncome": "116528910.00",
            "sellingGeneralAdministrative": "509157850.00",
            "sellingAndMarketingExpenses": null,
            "grossProfit": "955327100.00",
            "reconciledDepreciation": null,
            "ebit": "139624730.00",
            "ebitda": "243555920.00",
            "depreciationAndAmortization": "103931190.00",
            "nonOperatingIncomeNetOther": null,
            "operatingIncome": "243555920.00",
            "otherOperatingExpenses": "1256622570.00",
            "interestExpense": null,
            "taxProvision": null,
            "interestIncome": null,
            "netInterestIncome": null,
            "extraordinaryItems": null,
            "nonRecurring": null,
            "otherItems": null,
            "incomeTaxExpense": "76636130.00",
            "totalRevenue": "1500178490.00",
            "totalOperatingExpenses": "711771180.00",
            "costOfRevenue": "544851390.00",
            "totalOtherIncomeExpenseNet": "-50390880.00",
            "discontinuedOperations": null,
            "netIncomeFromContinuingOps": null,
            "netIncomeApplicableToCommonShares": null,
            "preferredStockAndOtherAdjustments": null
        },
        "2000-03-31": {
            "date": "2000-03-31",
            "filing_date": "2000-03-31",
            "currency_symbol": null,
            "researchDevelopment": "193565500.00",
            "effectOfAccountingCharges": null,
            "incomeBeforeTax": "94167000.00",
            "minorityInterest": null,
            "netIncome": "56500200.00",
            "sellingGeneralAdministrative": "362019800.00",
            "sellingAndMarketingExpenses": null,
            "grossProfit": "684280200.00",
            "reconciledDepreciation": null,
            "ebit": "-142296800.00",
            "ebitda": "128694900.00",
            "depreciationAndAmortization": "270991700.00",
            "nonOperatingIncomeNetOther": null,
            "operatingIncome": "128694900.00",
            "otherOperatingExpenses": "1054670400.00",
            "interestExpense": null,
            "taxProvision": null,
            "interestIncome": null,
            "netInterestIncome": null,
            "extraordinaryItems": null,
            "nonRecurring": null,
            "otherItems": null,
            "incomeTaxExpense": "37666800.00",
            "totalRevenue": "1183365300.00",
            "totalOperatingExpenses": "555585300.00",
            "costOfRevenue": "499085100.00",
            "totalOtherIncomeExpenseNet": "-34527900.00",
            "discontinuedOperations": null,
            "netIncomeFromContinuingOps": null,
            "netIncomeApplicableToCommonShares": null,
            "preferredStockAndOtherAdjustments": null
        },
        "1999-12-31": {
            "date": "1999-12-31",
            "filing_date": "1999-12-31",
            "currency_symbol": null,
            "researchDevelopment": "264488331.00",
            "effectOfAccountingCharges": null,
            "incomeBeforeTax": "481513071.00",
            "minorityInterest": null,
            "netIncome": "317124538.00",
            "sellingGeneralAdministrative": "435359157.89",
            "sellingAndMarketingExpenses": null,
            "grossProfit": "1190567392.00",
            "reconciledDepreciation": null,
            "ebit": "317910752.98",
            "ebitda": "317910753.00",
            "depreciationAndAmortization": "-171711495.98",
            "nonOperatingIncomeNetOther": null,
            "operatingIncome": "317910753.00",
            "otherOperatingExpenses": "1339321805.00",
            "interestExpense": null,
            "taxProvision": null,
            "interestIncome": null,
            "netInterestIncome": null,
            "extraordinaryItems": null,
            "nonRecurring": null,
            "otherItems": null,
            "incomeTaxExpense": "164388533.00",
            "totalRevenue": "1657232559.00",
            "totalOperatingExpenses": "872656638.00",
            "costOfRevenue": "466665166.00",
            "totalOtherIncomeExpenseNet": "163602317.00",
            "discontinuedOperations": null,
            "netIncomeFromContinuingOps": null,
            "netIncomeApplicableToCommonShares": null,
            "preferredStockAndOtherAdjustments": null
        },
        "1999-09-30": {
            "date": "1999-09-30",
            "filing_date": "1999-09-30",
            "currency_symbol": null,
            "researchDevelopment": "173026800.00",
            "effectOfAccountingCharges": null,
            "incomeBeforeTax": "77628240.00",
            "minorityInterest": null,
            "netIncome": "44893440.00",
            "sellingGeneralAdministrative": "353535840.00",
            "sellingAndMarketingExpenses": null,
            "grossProfit": "608867280.00",
            "reconciledDepreciation": null,
            "ebit": "76692960.00",
            "ebitda": "82304640.00",
            "depreciationAndAmortization": "5611680.00",
            "nonOperatingIncomeNetOther": null,
            "operatingIncome": "82304640.00",
            "otherOperatingExpenses": "1040031360.00",
            "interestExpense": null,
            "taxProvision": null,
            "interestIncome": null,
            "netInterestIncome": null,
            "extraordinaryItems": null,
            "nonRecurring": null,
            "otherItems": null,
            "incomeTaxExpense": "32734800.00",
            "totalRevenue": "1122336000.00",
            "totalOperatingExpenses": "526562640.00",
            "costOfRevenue": "513468720.00",
            "totalOtherIncomeExpenseNet": "-4676400.00",
            "discontinuedOperations": null,
            "netIncomeFromContinuingOps": null,
            "netIncomeApplicableToCommonShares": null,
            "preferredStockAndOtherAdjustments": null
        },
        "1999-06-30": {
            "date": "1999-06-30",
            "filing_date": "1999-06-30",
            "currency_symbol": null,
            "researchDevelopment": "169998400.00",
            "effectOfAccountingCharges": null,
            "incomeBeforeTax": "247270400.00",
            "minorityInterest": null,
            "netIncome": "141987300.00",
            "sellingGeneralAdministrative": "336133200.00",
            "sellingAndMarketingExpenses": null,
            "grossProfit": "729254500.00",
            "reconciledDepreciation": null,
            "ebit": "216361600.00",
            "ebitda": "223122900.00",
            "depreciationAndAmortization": "6761300.00",
            "nonOperatingIncomeNetOther": null,
            "operatingIncome": "223122900.00",
            "otherOperatingExpenses": "1035444800.00",
            "interestExpense": null,
            "taxProvision": null,
            "interestIncome": null,
            "netInterestIncome": null,
            "extraordinaryItems": null,
            "nonRecurring": null,
            "otherItems": null,
            "incomeTaxExpense": "105283100.00",
            "totalRevenue": "1258567700.00",
            "totalOperatingExpenses": "506131600.00",
            "costOfRevenue": "529313200.00",
            "totalOtherIncomeExpenseNet": "24147500.00",
            "discontinuedOperations": null,
            "netIncomeFromContinuingOps": null,
            "netIncomeApplicableToCommonShares": null,
            "preferredStockAndOtherAdjustments": null
        },
        "1999-03-31": {
            "date": "1999-03-31",
            "filing_date": "1999-03-31",
            "currency_symbol": null,
            "researchDevelopment": "138412060.00",
            "effectOfAccountingCharges": null,
            "incomeBeforeTax": "172782840.00",
            "minorityInterest": null,
            "netIncome": "98467640.00",
            "sellingGeneralAdministrative": "267534720.00",
            "sellingAndMarketingExpenses": null,
            "grossProfit": "579658560.00",
            "reconciledDepreciation": null,
            "ebit": "168138140.00",
            "ebitda": "173711780.00",
            "depreciationAndAmortization": "5573640.00",
            "nonOperatingIncomeNetOther": null,
            "operatingIncome": "173711780.00",
            "otherOperatingExpenses": "902929680.00",
            "interestExpense": null,
            "taxProvision": null,
            "interestIncome": null,
            "netInterestIncome": null,
            "extraordinaryItems": null,
            "nonRecurring": null,
            "otherItems": null,
            "incomeTaxExpense": "74315200.00",
            "totalRevenue": "1076641460.00",
            "totalOperatingExpenses": "405946780.00",
            "costOfRevenue": "496982900.00",
            "totalOtherIncomeExpenseNet": "-928940.00",
            "discontinuedOperations": null,
            "netIncomeFromContinuingOps": null,
            "netIncomeApplicableToCommonShares": null,
            "preferredStockAndOtherAdjustments": null
        }
    },
    "yearly": {
        "2024-12-31": {
            "date": "2024-12-31",
            "filing_date": "2024-12-31",
            "currency_symbol": "EUR",
            "researchDevelopment": "6514000000.00",
            "effectOfAccountingCharges": null,
            "incomeBeforeTax": "4764000000.00",
            "minorityInterest": "-26000000.00",
            "netIncome": "3124000000.00",
            "sellingGeneralAdministrative": "1435000000.00",
            "sellingAndMarketingExpenses": "9090000000.00",
            "grossProfit": "24932000000.00",
            "reconciledDepreciation": "1280000000.00",
            "ebit": "5191000000.00",
            "ebitda": "6471000000.00",
            "depreciationAndAmortization": "1280000000.00",
            "nonOperatingIncomeNetOther": null,
            "operatingIncome": "4665000000.00",
            "otherOperatingExpenses": "29511000000.00",
            "interestExpense": "1031000000.00",
            "taxProvision": "1614000000.00",
            "interestIncome": "439000000.00",
            "netInterestIncome": "-229000000.00",
            "extraordinaryItems": "0.00",
            "nonRecurring": null,
            "otherItems": null,
            "incomeTaxExpense": "1614000000.00",
            "totalRevenue": "34176000000.00",
            "totalOperatingExpenses": "20268000000.00",
            "costOfRevenue": "9243000000.00",
            "totalOtherIncomeExpenseNet": "99000000.00",
            "discontinuedOperations": null,
            "netIncomeFromContinuingOps": "3150000000.00",
            "netIncomeApplicableToCommonShares": "3124000000.00",
            "preferredStockAndOtherAdjustments": null
        },
        "2023-12-31": {
            "date": "2023-12-31",
            "filing_date": "2023-12-31",
            "currency_symbol": "EUR",
            "researchDevelopment": "6317000000.00",
            "effectOfAccountingCharges": null,
            "incomeBeforeTax": "5341000000.00",
            "minorityInterest": "369000000.00",
            "netIncome": "3598000000.00",
            "sellingGeneralAdministrative": "1364000000.00",
            "sellingAndMarketingExpenses": "8828000000.00",
            "grossProfit": "22603000000.00",
            "reconciledDepreciation": "1758000000.00",
            "ebit": "6584000000.00",
            "ebitda": "7957000000.00",
            "depreciationAndAmortization": "1373000000.00",
            "nonOperatingIncomeNetOther": null,
            "operatingIncome": "6584000000.00",
            "otherOperatingExpenses": "24623000000.00",
            "interestExpense": "788000000.00",
            "taxProvision": "1516000000.00",
            "interestIncome": "710000000.00",
            "netInterestIncome": "-1242000000.00",
            "extraordinaryItems": "2363000000.00",
            "nonRecurring": null,
            "otherItems": null,
            "incomeTaxExpense": "1741000000.00",
            "totalRevenue": "31207000000.00",
            "totalOperatingExpenses": "16019000000.00",
            "costOfRevenue": "8604000000.00",
            "totalOtherIncomeExpenseNet": "-1243000000.00",
            "discontinuedOperations": null,
            "netIncomeFromContinuingOps": "1639000000.00",
            "netIncomeApplicableToCommonShares": "6139000000.00",
            "preferredStockAndOtherAdjustments": null
        },
        "2022-12-31": {
            "date": "2022-12-31",
            "filing_date": "2022-12-31",
            "currency_symbol": "EUR",
            "researchDevelopment": "6165000000.00",
            "effectOfAccountingCharges": null,
            "incomeBeforeTax": "3092000000.00",
            "minorityInterest": "576000000.00",
            "netIncome": "3278000000.00",
            "sellingGeneralAdministrative": "2072000000.00",
            "sellingAndMarketingExpenses": "8943000000.00",
            "grossProfit": "21936000000.00",
            "reconciledDepreciation": "1896000000.00",
            "ebit": "4672000000.00",
            "ebitda": "7331000000.00",
            "depreciationAndAmortization": "2659000000.00",
            "nonOperatingIncomeNetOther": null,
            "operatingIncome": "4672000000.00",
            "otherOperatingExpenses": "26061000000.00",
            "interestExpense": "2205000000.00",
            "taxProvision": "1378000000.00",
            "interestIncome": "1470000000.00",
            "netInterestIncome": "-1385000000.00",
            "extraordinaryItems": "-1359000000.00",
            "nonRecurring": null,
            "otherItems": null,
            "incomeTaxExpense": "1378000000.00",
            "totalRevenue": "30872000000.00",
            "totalOperatingExpenses": "17125000000.00",
            "costOfRevenue": "8936000000.00",
            "totalOtherIncomeExpenseNet": "-1580000000.00",
            "discontinuedOperations": null,
            "netIncomeFromContinuingOps": "1714000000.00",
            "netIncomeApplicableToCommonShares": "2290000000.00",
            "preferredStockAndOtherAdjustments": null
        },
        "2021-12-31": {
            "date": "2021-12-31",
            "filing_date": "2021-12-31",
            "currency_symbol": "EUR",
            "researchDevelopment": "5270000000.00",
            "effectOfAccountingCharges": null,
            "incomeBeforeTax": "8505000000.00",
            "minorityInterest": "-121000000.00",
            "netIncome": "5256000000.00",
            "sellingGeneralAdministrative": "1187000000.00",
            "sellingAndMarketingExpenses": "6856000000.00",
            "grossProfit": "19734000000.00",
            "reconciledDepreciation": "1775000000.00",
            "ebit": "8796000000.00",
            "ebitda": "10333000000.00",
            "depreciationAndAmortization": "1537000000.00",
            "nonOperatingIncomeNetOther": null,
            "operatingIncome": "6308000000.00",
            "otherOperatingExpenses": "20645000000.00",
            "interestExpense": "291000000.00",
            "taxProvision": "1467000000.00",
            "interestIncome": "2253000000.00",
            "netInterestIncome": "2174000000.00",
            "extraordinaryItems": null,
            "nonRecurring": null,
            "otherItems": null,
            "incomeTaxExpense": "1682000000.00",
            "totalRevenue": "26953000000.00",
            "totalOperatingExpenses": "13426000000.00",
            "costOfRevenue": "7219000000.00",
            "totalOtherIncomeExpenseNet": "2197000000.00",
            "discontinuedOperations": null,
            "netIncomeFromContinuingOps": "5380000000.00",
            "netIncomeApplicableToCommonShares": "5256000000.00",
            "preferredStockAndOtherAdjustments": null
        },
        "2020-12-31": {
            "date": "2020-12-31",
            "filing_date": "2020-12-31",
            "currency_symbol": "EUR",
            "researchDevelopment": "4454000000.00",
            "effectOfAccountingCharges": null,
            "incomeBeforeTax": "7220000000.00",
            "minorityInterest": "211000000.00",
            "netIncome": "5145000000.00",
            "sellingGeneralAdministrative": "1356000000.00",
            "sellingAndMarketingExpenses": "7106000000.00",
            "grossProfit": "19453000000.00",
            "reconciledDepreciation": "1831000000.00",
            "ebit": "7575000000.00",
            "ebitda": "9406000000.00",
            "depreciationAndAmortization": "1831000000.00",
            "nonOperatingIncomeNetOther": null,
            "operatingIncome": "6623000000.00",
            "otherOperatingExpenses": "20715000000.00",
            "interestExpense": "355000000.00",
            "taxProvision": "1938000000.00",
            "interestIncome": "840000000.00",
            "netInterestIncome": "776000000.00",
            "extraordinaryItems": null,
            "nonRecurring": null,
            "otherItems": null,
            "incomeTaxExpense": "1938000000.00",
            "totalRevenue": "27338000000.00",
            "totalOperatingExpenses": "12829000000.00",
            "costOfRevenue": "7886000000.00",
            "totalOtherIncomeExpenseNet": "597000000.00",
            "discontinuedOperations": null,
            "netIncomeFromContinuingOps": "5280000000.00",
            "netIncomeApplicableToCommonShares": "5145000000.00",
            "preferredStockAndOtherAdjustments": null
        },
        "2019-12-31": {
            "date": "2019-12-31",
            "filing_date": "2019-12-31",
            "currency_symbol": "EUR",
            "researchDevelopment": "4279000000.00",
            "effectOfAccountingCharges": null,
            "incomeBeforeTax": "4618000000.00",
            "minorityInterest": "76000000.00",
            "netIncome": "3321000000.00",
            "sellingGeneralAdministrative": "1629000000.00",
            "sellingAndMarketingExpenses": "7689000000.00",
            "grossProfit": "19202000000.00",
            "reconciledDepreciation": "1872000000.00",
            "ebit": "6335000000.00",
            "ebitda": "8207000000.00",
            "depreciationAndAmortization": "1872000000.00",
            "nonOperatingIncomeNetOther": null,
            "operatingIncome": "6335000000.00",
            "otherOperatingExpenses": "21930000000.00",
            "interestExpense": "589000000.00",
            "taxProvision": "1226000000.00",
            "interestIncome": "234000000.00",
            "netInterestIncome": "198000000.00",
            "extraordinaryItems": null,
            "nonRecurring": null,
            "otherItems": null,
            "incomeTaxExpense": "1231000000.00",
            "totalRevenue": "27553000000.00",
            "totalOperatingExpenses": "13579000000.00",
            "costOfRevenue": "8351000000.00",
            "totalOtherIncomeExpenseNet": "-1717000000.00",
            "discontinuedOperations": null,
            "netIncomeFromContinuingOps": "3370000000.00",
            "netIncomeApplicableToCommonShares": "3321000000.00",
            "preferredStockAndOtherAdjustments": null
        },
        "2018-12-31": {
            "date": "2018-12-31",
            "filing_date": "2018-12-31",
            "currency_symbol": "EUR",
            "researchDevelopment": "3624000000.00",
            "effectOfAccountingCharges": null,
            "incomeBeforeTax": "5600000000.00",
            "minorityInterest": "45000000.00",
            "netIncome": "4083000000.00",
            "sellingGeneralAdministrative": "1098000000.00",
            "sellingAndMarketingExpenses": "6781000000.00",
            "grossProfit": "17246000000.00",
            "reconciledDepreciation": "1362000000.00",
            "ebit": "6018000000.00",
            "ebitda": "7380000000.00",
            "depreciationAndAmortization": "1362000000.00",
            "nonOperatingIncomeNetOther": null,
            "operatingIncome": "5703000000.00",
            "otherOperatingExpenses": "19005000000.00",
            "interestExpense": "418000000.00",
            "taxProvision": "1511000000.00",
            "interestIncome": "90000000.00",
            "netInterestIncome": "-47000000.00",
            "extraordinaryItems": null,
            "nonRecurring": null,
            "otherItems": null,
            "incomeTaxExpense": "1511000000.00",
            "totalRevenue": "24708000000.00",
            "totalOperatingExpenses": "11543000000.00",
            "costOfRevenue": "7462000000.00",
            "totalOtherIncomeExpenseNet": "-103000000.00",
            "discontinuedOperations": null,
            "netIncomeFromContinuingOps": "4089000000.00",
            "netIncomeApplicableToCommonShares": "4083000000.00",
            "preferredStockAndOtherAdjustments": null
        },
        "2017-12-31": {
            "date": "2017-12-31",
            "filing_date": "2017-12-31",
            "currency_symbol": "EUR",
            "researchDevelopment": "3352000000.00",
            "effectOfAccountingCharges": null,
            "incomeBeforeTax": "5029000000.00",
            "minorityInterest": "31000000.00",
            "netIncome": "4008000000.00",
            "sellingGeneralAdministrative": "1075000000.00",
            "sellingAndMarketingExpenses": "6924000000.00",
            "grossProfit": "16410000000.00",
            "reconciledDepreciation": "1272000000.00",
            "ebit": "5317000000.00",
            "ebitda": "6589000000.00",
            "depreciationAndAmortization": "1272000000.00",
            "nonOperatingIncomeNetOther": null,
            "operatingIncome": "4877000000.00",
            "otherOperatingExpenses": "18584000000.00",
            "interestExpense": "288000000.00",
            "taxProvision": "983000000.00",
            "interestIncome": "281000000.00",
            "netInterestIncome": "185000000.00",
            "extraordinaryItems": null,
            "nonRecurring": "219000000.00",
            "otherItems": null,
            "incomeTaxExpense": "983000000.00",
            "totalRevenue": "23461000000.00",
            "totalOperatingExpenses": "11533000000.00",
            "costOfRevenue": "7051000000.00",
            "totalOtherIncomeExpenseNet": "152000000.00",
            "discontinuedOperations": null,
            "netIncomeFromContinuingOps": "4056000000.00",
            "netIncomeApplicableToCommonShares": "4008000000.00",
            "preferredStockAndOtherAdjustments": null
        },
        "2016-12-31": {
            "date": "2016-12-31",
            "filing_date": "2016-12-31",
            "currency_symbol": "EUR",
            "researchDevelopment": "3044000000.00",
            "effectOfAccountingCharges": null,
            "incomeBeforeTax": "4872000000.00",
            "minorityInterest": "21000000.00",
            "netIncome": "3642000000.00",
            "sellingGeneralAdministrative": "1005000000.00",
            "sellingAndMarketingExpenses": "6265000000.00",
            "grossProfit": "15479000000.00",
            "reconciledDepreciation": null,
            "ebit": "5131000000.00",
            "ebitda": "6399000000.00",
            "depreciationAndAmortization": "1268000000.00",
            "nonOperatingIncomeNetOther": null,
            "operatingIncome": "5135000000.00",
            "otherOperatingExpenses": "16928000000.00",
            "interestExpense": "259000000.00",
            "taxProvision": "1242000000.00",
            "interestIncome": "154000000.00",
            "netInterestIncome": "-38000000.00",
            "extraordinaryItems": null,
            "nonRecurring": "30000000.00",
            "otherItems": null,
            "incomeTaxExpense": "1242000000.00",
            "totalRevenue": "22063000000.00",
            "totalOperatingExpenses": "10345000000.00",
            "costOfRevenue": "6583000000.00",
            "totalOtherIncomeExpenseNet": "-263000000.00",
            "discontinuedOperations": null,
            "netIncomeFromContinuingOps": "3634000000.00",
            "netIncomeApplicableToCommonShares": "3642000000.00",
            "preferredStockAndOtherAdjustments": null
        },
        "2015-12-31": {
            "date": "2015-12-31",
            "filing_date": "2015-12-31",
            "currency_symbol": "EUR",
            "researchDevelopment": "2845000000.00",
            "effectOfAccountingCharges": null,
            "incomeBeforeTax": "3991000000.00",
            "minorityInterest": "28000000.00",
            "netIncome": "3064000000.00",
            "sellingGeneralAdministrative": "1048000000.00",
            "sellingAndMarketingExpenses": "5782000000.00",
            "grossProfit": "14548000000.00",
            "reconciledDepreciation": null,
            "ebit": "4237000000.00",
            "ebitda": "5526000000.00",
            "depreciationAndAmortization": "1289000000.00",
            "nonOperatingIncomeNetOther": null,
            "operatingIncome": "4252000000.00",
            "otherOperatingExpenses": "16541000000.00",
            "interestExpense": "246000000.00",
            "taxProvision": "935000000.00",
            "interestIncome": "189000000.00",
            "netInterestIncome": null,
            "extraordinaryItems": null,
            "nonRecurring": "675000000.00",
            "otherItems": null,
            "incomeTaxExpense": "935000000.00",
            "totalRevenue": "20793000000.00",
            "totalOperatingExpenses": "10296000000.00",
            "costOfRevenue": "6245000000.00",
            "totalOtherIncomeExpenseNet": "-261000000.00",
            "discontinuedOperations": null,
            "netIncomeFromContinuingOps": "3056000000.00",
            "netIncomeApplicableToCommonShares": "3064000000.00",
            "preferredStockAndOtherAdjustments": null
        },
        "2014-12-31": {
            "date": "2014-12-31",
            "filing_date": "2014-12-31",
            "currency_symbol": "EUR",
            "researchDevelopment": "2331000000.00",
            "effectOfAccountingCharges": null,
            "incomeBeforeTax": "4355000000.00",
            "minorityInterest": "34000000.00",
            "netIncome": "3280000000.00",
            "sellingGeneralAdministrative": "892000000.00",
            "sellingAndMarketingExpenses": "4593000000.00",
            "grossProfit": "12578000000.00",
            "reconciledDepreciation": null,
            "ebit": "4507000000.00",
            "ebitda": "5517000000.00",
            "depreciationAndAmortization": "1010000000.00",
            "nonOperatingIncomeNetOther": null,
            "operatingIncome": "4331000000.00",
            "otherOperatingExpenses": "13229000000.00",
            "interestExpense": "152000000.00",
            "taxProvision": null,
            "interestIncome": null,
            "netInterestIncome": null,
            "extraordinaryItems": null,
            "nonRecurring": "526000000.00",
            "otherItems": null,
            "incomeTaxExpense": "1075000000.00",
            "totalRevenue": "17560000000.00",
            "totalOperatingExpenses": "8246000000.00",
            "costOfRevenue": "4983000000.00",
            "totalOtherIncomeExpenseNet": "24000000.00",
            "discontinuedOperations": null,
            "netIncomeFromContinuingOps": "3280000000.00",
            "netIncomeApplicableToCommonShares": "3280000000.00",
            "preferredStockAndOtherAdjustments": null
        },
        "2013-12-31": {
            "date": "2013-12-31",
            "filing_date": "2013-12-31",
            "currency_symbol": null,
            "researchDevelopment": "2282000000.00",
            "effectOfAccountingCharges": null,
            "incomeBeforeTax": "4396000000.00",
            "minorityInterest": null,
            "netIncome": "3326000000.00",
            "sellingGeneralAdministrative": "866000000.00",
            "sellingAndMarketingExpenses": "4131000000.00",
            "grossProfit": "11784000000.00",
            "reconciledDepreciation": null,
            "ebit": "4577000000.00",
            "ebitda": "5528000000.00",
            "depreciationAndAmortization": "951000000.00",
            "nonOperatingIncomeNetOther": null,
            "operatingIncome": "4479000000.00",
            "otherOperatingExpenses": "12336000000.00",
            "interestExpense": "181000000.00",
            "taxProvision": null,
            "interestIncome": null,
            "netInterestIncome": null,
            "extraordinaryItems": null,
            "nonRecurring": null,
            "otherItems": null,
            "incomeTaxExpense": "1071000000.00",
            "totalRevenue": "16815000000.00",
            "totalOperatingExpenses": "7305000000.00",
            "costOfRevenue": "5031000000.00",
            "totalOtherIncomeExpenseNet": "-83000000.00",
            "discontinuedOperations": null,
            "netIncomeFromContinuingOps": null,
            "netIncomeApplicableToCommonShares": null,
            "preferredStockAndOtherAdjustments": null
        },
        "2012-12-31": {
            "date": "2012-12-31",
            "filing_date": "2012-12-31",
            "currency_symbol": null,
            "researchDevelopment": "2261000000.00",
            "effectOfAccountingCharges": null,
            "incomeBeforeTax": "3796000000.00",
            "minorityInterest": null,
            "netIncome": "2803000000.00",
            "sellingGeneralAdministrative": "949000000.00",
            "sellingAndMarketingExpenses": "3912000000.00",
            "grossProfit": "11149000000.00",
            "reconciledDepreciation": null,
            "ebit": "3971000000.00",
            "ebitda": "4834000000.00",
            "depreciationAndAmortization": "863000000.00",
            "nonOperatingIncomeNetOther": null,
            "operatingIncome": "4041000000.00",
            "otherOperatingExpenses": "12182000000.00",
            "interestExpense": "138000000.00",
            "taxProvision": null,
            "interestIncome": null,
            "netInterestIncome": null,
            "extraordinaryItems": null,
            "nonRecurring": null,
            "otherItems": null,
            "incomeTaxExpense": "993000000.00",
            "totalRevenue": "16223000000.00",
            "totalOperatingExpenses": "7109000000.00",
            "costOfRevenue": "5073000000.00",
            "totalOtherIncomeExpenseNet": "-245000000.00",
            "discontinuedOperations": null,
            "netIncomeFromContinuingOps": null,
            "netIncomeApplicableToCommonShares": null,
            "preferredStockAndOtherAdjustments": null
        },
        "2011-12-31": {
            "date": "2011-12-31",
            "filing_date": "2011-12-31",
            "currency_symbol": null,
            "researchDevelopment": "1935000000.00",
            "effectOfAccountingCharges": null,
            "incomeBeforeTax": "4767000000.00",
            "minorityInterest": null,
            "netIncome": "3435000000.00",
            "sellingGeneralAdministrative": "715000000.00",
            "sellingAndMarketingExpenses": "3083000000.00",
            "grossProfit": "9879000000.00",
            "reconciledDepreciation": null,
            "ebit": "4927000000.00",
            "ebitda": "5651000000.00",
            "depreciationAndAmortization": "724000000.00",
            "nonOperatingIncomeNetOther": null,
            "operatingIncome": "4884000000.00",
            "otherOperatingExpenses": "9349000000.00",
            "interestExpense": "161000000.00",
            "taxProvision": null,
            "interestIncome": null,
            "netInterestIncome": null,
            "extraordinaryItems": null,
            "nonRecurring": null,
            "otherItems": null,
            "incomeTaxExpense": "1331000000.00",
            "totalRevenue": "14233000000.00",
            "totalOperatingExpenses": "4995000000.00",
            "costOfRevenue": "4354000000.00",
            "totalOtherIncomeExpenseNet": "-117000000.00",
            "discontinuedOperations": null,
            "netIncomeFromContinuingOps": null,
            "netIncomeApplicableToCommonShares": null,
            "preferredStockAndOtherAdjustments": null
        },
        "2010-12-31": {
            "date": "2010-12-31",
            "filing_date": "2010-12-31",
            "currency_symbol": null,
            "researchDevelopment": "1729000000.00",
            "effectOfAccountingCharges": null,
            "incomeBeforeTax": "2338000000.00",
            "minorityInterest": null,
            "netIncome": "1811000000.00",
            "sellingGeneralAdministrative": "636000000.00",
            "sellingAndMarketingExpenses": "2645000000.00",
            "grossProfit": "8570000000.00",
            "reconciledDepreciation": null,
            "ebit": "2478000000.00",
            "ebitda": "3012000000.00",
            "depreciationAndAmortization": "534000000.00",
            "nonOperatingIncomeNetOther": null,
            "operatingIncome": "2591000000.00",
            "otherOperatingExpenses": "9873000000.00",
            "interestExpense": "123000000.00",
            "taxProvision": null,
            "interestIncome": null,
            "netInterestIncome": null,
            "extraordinaryItems": null,
            "nonRecurring": null,
            "otherItems": null,
            "incomeTaxExpense": "525000000.00",
            "totalRevenue": "12464000000.00",
            "totalOperatingExpenses": "5979000000.00",
            "costOfRevenue": "3894000000.00",
            "totalOtherIncomeExpenseNet": "-253000000.00",
            "discontinuedOperations": null,
            "netIncomeFromContinuingOps": null,
            "netIncomeApplicableToCommonShares": null,
            "preferredStockAndOtherAdjustments": null
        },
        "2009-12-31": {
            "date": "2009-12-31",
            "filing_date": "2009-12-31",
            "currency_symbol": null,
            "researchDevelopment": "1591000000.00",
            "effectOfAccountingCharges": null,
            "incomeBeforeTax": "2435000000.00",
            "minorityInterest": null,
            "netIncome": "1748000000.00",
            "sellingGeneralAdministrative": "564000000.00",
            "sellingAndMarketingExpenses": "2199000000.00",
            "grossProfit": "7163000000.00",
            "reconciledDepreciation": null,
            "ebit": "2552000000.00",
            "ebitda": "3051000000.00",
            "depreciationAndAmortization": "499000000.00",
            "nonOperatingIncomeNetOther": null,
            "operatingIncome": "2588000000.00",
            "otherOperatingExpenses": "8084000000.00",
            "interestExpense": "71000000.00",
            "taxProvision": null,
            "interestIncome": null,
            "netInterestIncome": null,
            "extraordinaryItems": null,
            "nonRecurring": null,
            "otherItems": null,
            "incomeTaxExpense": "685000000.00",
            "totalRevenue": "10672000000.00",
            "totalOperatingExpenses": "4575000000.00",
            "costOfRevenue": "3509000000.00",
            "totalOtherIncomeExpenseNet": "-153000000.00",
            "discontinuedOperations": null,
            "netIncomeFromContinuingOps": null,
            "netIncomeApplicableToCommonShares": null,
            "preferredStockAndOtherAdjustments": null
        },
        "2008-12-31": {
            "date": "2008-12-31",
            "filing_date": "2008-12-31",
            "currency_symbol": null,
            "researchDevelopment": "1627000000.00",
            "effectOfAccountingCharges": null,
            "incomeBeforeTax": "2624000000.00",
            "minorityInterest": null,
            "netIncome": "1847000000.00",
            "sellingGeneralAdministrative": "624000000.00",
            "sellingAndMarketingExpenses": "2546000000.00",
            "grossProfit": "7547000000.00",
            "reconciledDepreciation": null,
            "ebit": "2747000000.00",
            "ebitda": "3286000000.00",
            "depreciationAndAmortization": "539000000.00",
            "nonOperatingIncomeNetOther": null,
            "operatingIncome": "2701000000.00",
            "otherOperatingExpenses": "8874000000.00",
            "interestExpense": "123000000.00",
            "taxProvision": null,
            "interestIncome": null,
            "netInterestIncome": null,
            "extraordinaryItems": null,
            "nonRecurring": null,
            "otherItems": null,
            "incomeTaxExpense": "776000000.00",
            "totalRevenue": "11575000000.00",
            "totalOperatingExpenses": "4846000000.00",
            "costOfRevenue": "4028000000.00",
            "totalOtherIncomeExpenseNet": "-77000000.00",
            "discontinuedOperations": null,
            "netIncomeFromContinuingOps": null,
            "netIncomeApplicableToCommonShares": null,
            "preferredStockAndOtherAdjustments": null
        },
        "2007-12-31": {
            "date": "2007-12-31",
            "filing_date": "2007-12-31",
            "currency_symbol": null,
            "researchDevelopment": "1460217230.00",
            "effectOfAccountingCharges": null,
            "incomeBeforeTax": "2862135510.00",
            "minorityInterest": null,
            "netIncome": "1922493610.00",
            "sellingGeneralAdministrative": "2672149520.00",
            "sellingAndMarketingExpenses": null,
            "grossProfit": "6852527170.00",
            "reconciledDepreciation": null,
            "ebit": "2737307170.00",
            "ebitda": "2998623640.00",
            "depreciationAndAmortization": "261316470.00",
            "nonOperatingIncomeNetOther": null,
            "operatingIncome": "2737307170.00",
            "otherOperatingExpenses": "7521250420.00",
            "interestExpense": "0.00",
            "taxProvision": null,
            "interestIncome": null,
            "netInterestIncome": null,
            "extraordinaryItems": null,
            "nonRecurring": null,
            "otherItems": null,
            "incomeTaxExpense": "922495150.00",
            "totalRevenue": "10258557590.00",
            "totalOperatingExpenses": "4115220000.00",
            "costOfRevenue": "3406030420.00",
            "totalOtherIncomeExpenseNet": "124828340.00",
            "discontinuedOperations": null,
            "netIncomeFromContinuingOps": null,
            "netIncomeApplicableToCommonShares": null,
            "preferredStockAndOtherAdjustments": null
        },
        "2006-12-31": {
            "date": "2006-12-31",
            "filing_date": "2006-12-31",
            "currency_symbol": null,
            "researchDevelopment": "1335049780.00",
            "effectOfAccountingCharges": null,
            "incomeBeforeTax": "2688284120.00",
            "minorityInterest": null,
            "netIncome": "1871494300.00",
            "sellingGeneralAdministrative": "2380224792.87",
            "sellingAndMarketingExpenses": null,
            "grossProfit": "6228969490.00",
            "reconciledDepreciation": null,
            "ebit": "2578419070.00",
            "ebitda": "2792087650.00",
            "depreciationAndAmortization": "213668580.00",
            "nonOperatingIncomeNetOther": null,
            "operatingIncome": "2577661380.00",
            "otherOperatingExpenses": "6815421550.00",
            "interestExpense": "0.00",
            "taxProvision": null,
            "interestIncome": null,
            "netInterestIncome": null,
            "extraordinaryItems": null,
            "nonRecurring": null,
            "otherItems": null,
            "incomeTaxExpense": "804666780.00",
            "totalRevenue": "9393082930.00",
            "totalOperatingExpenses": "3651308110.00",
            "costOfRevenue": "3164113440.00",
            "totalOtherIncomeExpenseNet": "110622740.00",
            "discontinuedOperations": null,
            "netIncomeFromContinuingOps": null,
            "netIncomeApplicableToCommonShares": null,
            "preferredStockAndOtherAdjustments": null
        },
        "2005-12-31": {
            "date": "2005-12-31",
            "filing_date": "2005-12-31",
            "currency_symbol": null,
            "researchDevelopment": "1088315590.00",
            "effectOfAccountingCharges": null,
            "incomeBeforeTax": "2321008190.00",
            "minorityInterest": null,
            "netIncome": "1495273010.00",
            "sellingGeneralAdministrative": "2179750061.14",
            "sellingAndMarketingExpenses": null,
            "grossProfit": "5596086680.00",
            "reconciledDepreciation": null,
            "ebit": "2337050080.00",
            "ebitda": "2540528790.00",
            "depreciationAndAmortization": "203478710.00",
            "nonOperatingIncomeNetOther": null,
            "operatingIncome": "2335361460.00",
            "otherOperatingExpenses": "6166840240.00",
            "interestExpense": "0.00",
            "taxProvision": null,
            "interestIncome": null,
            "netInterestIncome": null,
            "extraordinaryItems": null,
            "nonRecurring": null,
            "otherItems": null,
            "incomeTaxExpense": "817292080.00",
            "totalRevenue": "8502201700.00",
            "totalOperatingExpenses": "3260725220.00",
            "costOfRevenue": "2906115020.00",
            "totalOtherIncomeExpenseNet": "-14353270.00",
            "discontinuedOperations": null,
            "netIncomeFromContinuingOps": null,
            "netIncomeApplicableToCommonShares": null,
            "preferredStockAndOtherAdjustments": null
        },
        "2004-12-31": {
            "date": "2004-12-31",
            "filing_date": "2004-12-31",
            "currency_symbol": null,
            "researchDevelopment": "1019268684.00",
            "effectOfAccountingCharges": null,
            "incomeBeforeTax": "2071111105.00",
            "minorityInterest": null,
            "netIncome": "1309553141.00",
            "sellingGeneralAdministrative": "1888690956.16",
            "sellingAndMarketingExpenses": null,
            "grossProfit": "4923088949.00",
            "reconciledDepreciation": null,
            "ebit": "2023890733.00",
            "ebitda": "2233405131.00",
            "depreciationAndAmortization": "209514398.00",
            "nonOperatingIncomeNetOther": null,
            "operatingIncome": "2016890150.00",
            "otherOperatingExpenses": "5492051943.00",
            "interestExpense": "0.00",
            "taxProvision": null,
            "interestIncome": null,
            "netInterestIncome": null,
            "extraordinaryItems": null,
            "nonRecurring": null,
            "otherItems": null,
            "incomeTaxExpense": "756709930.00",
            "totalRevenue": "7508942093.00",
            "totalOperatingExpenses": "2906198798.00",
            "costOfRevenue": "2585853144.00",
            "totalOtherIncomeExpenseNet": "54220955.00",
            "discontinuedOperations": null,
            "netIncomeFromContinuingOps": null,
            "netIncomeApplicableToCommonShares": null,
            "preferredStockAndOtherAdjustments": null
        },
        "2003-12-31": {
            "date": "2003-12-31",
            "filing_date": "2003-12-31",
            "currency_symbol": null,
            "researchDevelopment": "994202580.00",
            "effectOfAccountingCharges": null,
            "incomeBeforeTax": "1766614320.00",
            "minorityInterest": null,
            "netIncome": "1075183318.00",
            "sellingGeneralAdministrative": "1768450911.52",
            "sellingAndMarketingExpenses": null,
            "grossProfit": "4483663493.00",
            "reconciledDepreciation": null,
            "ebit": "1721010001.00",
            "ebitda": "1936150841.00",
            "depreciationAndAmortization": "215140840.00",
            "nonOperatingIncomeNetOther": null,
            "operatingIncome": "1721010000.00",
            "otherOperatingExpenses": "5291334928.00",
            "interestExpense": "0.00",
            "taxProvision": null,
            "interestIncome": null,
            "netInterestIncome": null,
            "extraordinaryItems": null,
            "nonRecurring": null,
            "otherItems": null,
            "incomeTaxExpense": "691431000.00",
            "totalRevenue": "7012344930.00",
            "totalOperatingExpenses": "2762653492.00",
            "costOfRevenue": "2528681436.00",
            "totalOtherIncomeExpenseNet": "45604319.00",
            "discontinuedOperations": null,
            "netIncomeFromContinuingOps": null,
            "netIncomeApplicableToCommonShares": null,
            "preferredStockAndOtherAdjustments": null
        },
        "2002-12-31": {
            "date": "2002-12-31",
            "filing_date": "2002-12-31",
            "currency_symbol": null,
            "researchDevelopment": "910212142.00",
            "effectOfAccountingCharges": null,
            "incomeBeforeTax": "1108320310.00",
            "minorityInterest": null,
            "netIncome": "509073715.00",
            "sellingGeneralAdministrative": "2028336607.89",
            "sellingAndMarketingExpenses": null,
            "grossProfit": "4600837192.00",
            "reconciledDepreciation": null,
            "ebit": "-5746245186.00",
            "ebitda": "-5524831186.00",
            "depreciationAndAmortization": "221414000.00",
            "nonOperatingIncomeNetOther": null,
            "operatingIncome": "-5792393714.00",
            "otherOperatingExpenses": "13211936055.00",
            "interestExpense": "0.00",
            "taxProvision": null,
            "interestIncome": null,
            "netInterestIncome": null,
            "extraordinaryItems": null,
            "nonRecurring": null,
            "otherItems": null,
            "incomeTaxExpense": "599246595.00",
            "totalRevenue": "7419542340.00",
            "totalOperatingExpenses": "10393230906.00",
            "costOfRevenue": "2818705148.00",
            "totalOtherIncomeExpenseNet": "6900714024.00",
            "discontinuedOperations": null,
            "netIncomeFromContinuingOps": null,
            "netIncomeApplicableToCommonShares": null,
            "preferredStockAndOtherAdjustments": null
        },
        "2001-12-31": {
            "date": "2001-12-31",
            "filing_date": "2001-12-31",
            "currency_symbol": null,
            "researchDevelopment": "899128000.00",
            "effectOfAccountingCharges": null,
            "incomeBeforeTax": "1057599310.00",
            "minorityInterest": null,
            "netIncome": "581061470.00",
            "sellingGeneralAdministrative": "2184881040.00",
            "sellingAndMarketingExpenses": null,
            "grossProfit": "4490020450.00",
            "reconciledDepreciation": null,
            "ebit": "1312726880.00",
            "ebitda": "1592580470.00",
            "depreciationAndAmortization": "279853590.00",
            "nonOperatingIncomeNetOther": null,
            "operatingIncome": "1312726880.00",
            "otherOperatingExpenses": "6030901060.00",
            "interestExpense": "0.00",
            "taxProvision": null,
            "interestIncome": null,
            "netInterestIncome": null,
            "extraordinaryItems": null,
            "nonRecurring": null,
            "otherItems": null,
            "incomeTaxExpense": "476537840.00",
            "totalRevenue": "7343627940.00",
            "totalOperatingExpenses": "3177293570.00",
            "costOfRevenue": "2853607490.00",
            "totalOtherIncomeExpenseNet": "-255127570.00",
            "discontinuedOperations": null,
            "netIncomeFromContinuingOps": null,
            "netIncomeApplicableToCommonShares": null,
            "preferredStockAndOtherAdjustments": null
        },
        "2000-12-31": {
            "date": "2000-12-31",
            "filing_date": "2000-12-31",
            "currency_symbol": null,
            "researchDevelopment": "968967701.00",
            "effectOfAccountingCharges": null,
            "incomeBeforeTax": "1025699178.00",
            "minorityInterest": null,
            "netIncome": "634056928.00",
            "sellingGeneralAdministrative": "1994057848.88",
            "sellingAndMarketingExpenses": null,
            "grossProfit": "4014164561.00",
            "reconciledDepreciation": null,
            "ebit": "835790022.00",
            "ebitda": "1059004245.00",
            "depreciationAndAmortization": "223214223.00",
            "nonOperatingIncomeNetOther": null,
            "operatingIncome": "802318855.00",
            "otherOperatingExpenses": "5459632161.00",
            "interestExpense": "0.00",
            "taxProvision": null,
            "interestIncome": null,
            "netInterestIncome": null,
            "extraordinaryItems": null,
            "nonRecurring": null,
            "otherItems": null,
            "incomeTaxExpense": "391642249.00",
            "totalRevenue": "6261951017.00",
            "totalOperatingExpenses": "3211845705.00",
            "costOfRevenue": "2247786455.00",
            "totalOtherIncomeExpenseNet": "223380322.00",
            "discontinuedOperations": null,
            "netIncomeFromContinuingOps": null,
            "netIncomeApplicableToCommonShares": null,
            "preferredStockAndOtherAdjustments": null
        },
        "1999-12-31": {
            "date": "1999-12-31",
            "filing_date": "1999-12-31",
            "currency_symbol": null,
            "researchDevelopment": "745342500.00",
            "effectOfAccountingCharges": null,
            "incomeBeforeTax": "977889360.00",
            "minorityInterest": null,
            "netIncome": "601242950.00",
            "sellingGeneralAdministrative": "1393085877.89",
            "sellingAndMarketingExpenses": null,
            "grossProfit": "3107581330.00",
            "reconciledDepreciation": null,
            "ebit": "796025790.00",
            "ebitda": "968945250.00",
            "depreciationAndAmortization": "172919460.00",
            "nonOperatingIncomeNetOther": null,
            "operatingIncome": "796025790.00",
            "otherOperatingExpenses": "4318017550.00",
            "interestExpense": "0.00",
            "taxProvision": null,
            "interestIncome": null,
            "netInterestIncome": null,
            "extraordinaryItems": null,
            "nonRecurring": null,
            "otherItems": null,
            "incomeTaxExpense": "376646410.00",
            "totalRevenue": "5114043340.00",
            "totalOperatingExpenses": "2311555540.00",
            "costOfRevenue": "2006462010.00",
            "totalOtherIncomeExpenseNet": "181863570.00",
            "discontinuedOperations": null,
            "netIncomeFromContinuingOps": null,
            "netIncomeApplicableToCommonShares": null,
            "preferredStockAndOtherAdjustments": null
        },
        "1998-12-31": {
            "date": "1998-12-31",
            "filing_date": "1998-12-31",
            "currency_symbol": null,
            "researchDevelopment": null,
            "effectOfAccountingCharges": null,
            "incomeBeforeTax": "956599254.00",
            "minorityInterest": null,
            "netIncome": "536237874.00",
            "sellingGeneralAdministrative": "1555251840.00",
            "sellingAndMarketingExpenses": null,
            "grossProfit": "2564460216.00",
            "reconciledDepreciation": null,
            "ebit": "847458774.00",
            "ebitda": "986101290.00",
            "depreciationAndAmortization": "138642516.00",
            "nonOperatingIncomeNetOther": null,
            "operatingIncome": "847458774.00",
            "otherOperatingExpenses": "3478341204.00",
            "interestExpense": "0.00",
            "taxProvision": null,
            "interestIncome": null,
            "netInterestIncome": null,
            "extraordinaryItems": null,
            "nonRecurring": null,
            "otherItems": null,
            "incomeTaxExpense": "420361380.00",
            "totalRevenue": "4325799978.00",
            "totalOperatingExpenses": "1717001442.00",
            "costOfRevenue": "1761339762.00",
            "totalOtherIncomeExpenseNet": "109140480.00",
            "discontinuedOperations": null,
            "netIncomeFromContinuingOps": null,
            "netIncomeApplicableToCommonShares": null,
            "preferredStockAndOtherAdjustments": null
        },
        "1997-12-31": {
            "date": "1997-12-31",
            "filing_date": "1997-12-31",
            "currency_symbol": null,
            "researchDevelopment": null,
            "effectOfAccountingCharges": null,
            "incomeBeforeTax": "825764628.00",
            "minorityInterest": null,
            "netIncome": "467724077.00",
            "sellingGeneralAdministrative": "1863431772.93",
            "sellingAndMarketingExpenses": null,
            "grossProfit": "2777058132.00",
            "reconciledDepreciation": null,
            "ebit": "814901913.00",
            "ebitda": "913627268.00",
            "depreciationAndAmortization": "98725355.00",
            "nonOperatingIncomeNetOther": null,
            "operatingIncome": "814901003.00",
            "otherOperatingExpenses": "2268320458.00",
            "interestExpense": "0.00",
            "taxProvision": null,
            "interestIncome": null,
            "netInterestIncome": null,
            "extraordinaryItems": null,
            "nonRecurring": null,
            "otherItems": null,
            "incomeTaxExpense": "358040551.00",
            "totalRevenue": "3083221462.00",
            "totalOperatingExpenses": "1962157128.00",
            "costOfRevenue": "306163330.00",
            "totalOtherIncomeExpenseNet": "10863625.00",
            "discontinuedOperations": null,
            "netIncomeFromContinuingOps": null,
            "netIncomeApplicableToCommonShares": null,
            "preferredStockAndOtherAdjustments": null
        },
        "1996-12-31": {
            "date": "1996-12-31",
            "filing_date": "1996-12-31",
            "currency_symbol": null,
            "researchDevelopment": null,
            "effectOfAccountingCharges": null,
            "incomeBeforeTax": "967213000.00",
            "minorityInterest": null,
            "netIncome": "567536000.00",
            "sellingGeneralAdministrative": null,
            "sellingAndMarketingExpenses": null,
            "grossProfit": "3327766000.00",
            "reconciledDepreciation": null,
            "ebit": "868956000.00",
            "ebitda": "1033547000.00",
            "depreciationAndAmortization": "164591000.00",
            "nonOperatingIncomeNetOther": null,
            "operatingIncome": "943629000.00",
            "otherOperatingExpenses": "2778521000.00",
            "interestExpense": "0.00",
            "taxProvision": null,
            "interestIncome": null,
            "netInterestIncome": null,
            "extraordinaryItems": null,
            "nonRecurring": null,
            "otherItems": null,
            "incomeTaxExpense": "399677000.00",
            "totalRevenue": "3722150000.00",
            "totalOperatingExpenses": "2384137000.00",
            "costOfRevenue": "394384000.00",
            "totalOtherIncomeExpenseNet": "23584000.00",
            "discontinuedOperations": null,
            "netIncomeFromContinuingOps": null,
            "netIncomeApplicableToCommonShares": null,
            "preferredStockAndOtherAdjustments": null
        }
    }
}