{
    "currency_symbol": "HKD",
    "quarterly": {
        "2024-12-31": {
            "date": "2024-12-31",
            "filing_date": "2024-12-31",
            "currency_symbol": "HKD",
            "researchDevelopment": null,
            "effectOfAccountingCharges": null,
            "incomeBeforeTax": "3989000000.00",
            "minorityInterest": null,
            "netIncome": "3522000000.00",
            "sellingGeneralAdministrative": null,
            "sellingAndMarketingExpenses": null,
            "grossProfit": "12174000000.00",
            "reconciledDepreciation": null,
            "ebit": null,
            "ebitda": null,
            "depreciationAndAmortization": null,
            "nonOperatingIncomeNetOther": null,
            "operatingIncome": "12174000000.00",
            "otherOperatingExpenses": null,
            "interestExpense": null,
            "taxProvision": "456000000.00",
            "interestIncome": "29000000.00",
            "netInterestIncome": null,
            "extraordinaryItems": null,
            "nonRecurring": null,
            "otherItems": null,
            "incomeTaxExpense": "456000000.00",
            "totalRevenue": "12174000000.00",
            "totalOperatingExpenses": null,
            "costOfRevenue": null,
            "totalOtherIncomeExpenseNet": "-8185000000.00",
            "discontinuedOperations": null,
            "netIncomeFromContinuingOps": null,
            "netIncomeApplicableToCommonShares": "3522000000.00",
            "preferredStockAndOtherAdjustments": null
        },
        "2024-06-30": {
            "date": "2024-06-30",
            "filing_date": "2024-06-30",
            "currency_symbol": "HKD",
            "researchDevelopment": null,
            "effectOfAccountingCharges": null,
            "incomeBeforeTax": "3842000000.00",
            "minorityInterest": null,
            "netIncome": "3314000000.00",
            "sellingGeneralAdministrative": null,
            "sellingAndMarketingExpenses": null,
            "grossProfit": "10293000000.00",
            "reconciledDepreciation": null,
            "ebit": "3836000000.00",
            "ebitda": "837000000.00",
            "depreciationAndAmortization": "-2999000000.00",
            "nonOperatingIncomeNetOther": null,
            "operatingIncome": "2999000000.00",
            "otherOperatingExpenses": "6170000000.00",
            "interestExpense": null,
            "taxProvision": "522000000.00",
            "interestIncome": "190000000.00",
            "netInterestIncome": null,
            "extraordinaryItems": null,
            "nonRecurring": null,
            "otherItems": null,
            "incomeTaxExpense": "522000000.00",
            "totalRevenue": "10293000000.00",
            "totalOperatingExpenses": "6170000000.00",
            "costOfRevenue": null,
            "totalOtherIncomeExpenseNet": "843000000.00",
            "discontinuedOperations": null,
            "netIncomeFromContinuingOps": null,
            "netIncomeApplicableToCommonShares": "3314000000.00",
            "preferredStockAndOtherAdjustments": null
        },
        "2023-12-31": {
            "date": "2023-12-31",
            "filing_date": "2023-12-31",
            "currency_symbol": "HKD",
            "researchDevelopment": null,
            "effectOfAccountingCharges": null,
            "incomeBeforeTax": "1943000000.00",
            "minorityInterest": null,
            "netIncome": "1514000000.00",
            "sellingGeneralAdministrative": null,
            "sellingAndMarketingExpenses": null,
            "grossProfit": "10699000000.00",
            "reconciledDepreciation": null,
            "ebit": "7845694219.00",
            "ebitda": "4794694219.00",
            "depreciationAndAmortization": "-3051000000.00",
            "nonOperatingIncomeNetOther": null,
            "operatingIncome": "3051000000.00",
            "otherOperatingExpenses": "8503000000.00",
            "interestExpense": null,
            "taxProvision": "417000000.00",
            "interestIncome": "401000000.00",
            "netInterestIncome": null,
            "extraordinaryItems": null,
            "nonRecurring": null,
            "otherItems": null,
            "incomeTaxExpense": "417000000.00",
            "totalRevenue": "10699000000.00",
            "totalOperatingExpenses": "8503000000.00",
            "costOfRevenue": null,
            "totalOtherIncomeExpenseNet": "-1108000000.00",
            "discontinuedOperations": null,
            "netIncomeFromContinuingOps": null,
            "netIncomeApplicableToCommonShares": "1514000000.00",
            "preferredStockAndOtherAdjustments": null
        },
        "2023-06-30": {
            "date": "2023-06-30",
            "filing_date": "2023-06-30",
            "currency_symbol": "USD",
            "researchDevelopment": null,
            "effectOfAccountingCharges": null,
            "incomeBeforeTax": "2621000000.00",
            "minorityInterest": null,
            "netIncome": "2250000000.00",
            "sellingGeneralAdministrative": null,
            "sellingAndMarketingExpenses": null,
            "grossProfit": "9058000000.00",
            "reconciledDepreciation": null,
            "ebit": "6906869853.00",
            "ebitda": "4209869853.00",
            "depreciationAndAmortization": "-2697000000.00",
            "nonOperatingIncomeNetOther": null,
            "operatingIncome": "2697000000.00",
            "otherOperatingExpenses": "6205000000.00",
            "interestExpense": null,
            "taxProvision": "366000000.00",
            "interestIncome": "102000000.00",
            "netInterestIncome": null,
            "extraordinaryItems": null,
            "nonRecurring": null,
            "otherItems": null,
            "incomeTaxExpense": "366000000.00",
            "totalRevenue": "9058000000.00",
            "totalOperatingExpenses": "6205000000.00",
            "costOfRevenue": null,
            "totalOtherIncomeExpenseNet": "-76000000.00",
            "discontinuedOperations": null,
            "netIncomeFromContinuingOps": null,
            "netIncomeApplicableToCommonShares": "1125000000.00",
            "preferredStockAndOtherAdjustments": null
        },
        "2023-03-31": {
            "date": "2023-03-31",
            "filing_date": null,
            "currency_symbol": "USD",
            "researchDevelopment": null,
            "effectOfAccountingCharges": null,
            "incomeBeforeTax": null,
            "minorityInterest": null,
            "netIncome": null,
            "sellingGeneralAdministrative": null,
            "sellingAndMarketingExpenses": null,
            "grossProfit": null,
            "reconciledDepreciation": null,
            "ebit": "5052000000.00",
            "ebitda": null,
            "depreciationAndAmortization": null,
            "nonOperatingIncomeNetOther": null,
            "operatingIncome": null,
            "otherOperatingExpenses": "32000000.00",
            "interestExpense": null,
            "taxProvision": null,
            "interestIncome": null,
            "netInterestIncome": null,
            "extraordinaryItems": null,
            "nonRecurring": null,
            "otherItems": null,
            "incomeTaxExpense": "183000000.00",
            "totalRevenue": null,
            "totalOperatingExpenses": null,
            "costOfRevenue": null,
            "totalOtherIncomeExpenseNet": null,
            "discontinuedOperations": null,
            "netIncomeFromContinuingOps": null,
            "netIncomeApplicableToCommonShares": "1125000000.00",
            "preferredStockAndOtherAdjustments": null
        },
        "2022-12-31": {
            "date": "2022-12-31",
            "filing_date": "2022-12-31",
            "currency_symbol": "USD",
            "researchDevelopment": null,
            "effectOfAccountingCharges": null,
            "incomeBeforeTax": "2257000000.00",
            "minorityInterest": null,
            "netIncome": "1788000000.00",
            "sellingGeneralAdministrative": "1316000000.00",
            "sellingAndMarketingExpenses": null,
            "grossProfit": "10093000000.00",
            "reconciledDepreciation": null,
            "ebit": "9234380250.00",
            "ebitda": "5416380250.00",
            "depreciationAndAmortization": "-3818000000.00",
            "nonOperatingIncomeNetOther": null,
            "operatingIncome": "3818000000.00",
            "otherOperatingExpenses": "7625000000.00",
            "interestExpense": "211000000.00",
            "taxProvision": "339000000.00",
            "interestIncome": "9000000.00",
            "netInterestIncome": null,
            "extraordinaryItems": null,
            "nonRecurring": null,
            "otherItems": null,
            "incomeTaxExpense": "440000000.00",
            "totalRevenue": "10093000000.00",
            "totalOperatingExpenses": "7625000000.00",
            "costOfRevenue": null,
            "totalOtherIncomeExpenseNet": "-1561000000.00",
            "discontinuedOperations": null,
            "netIncomeFromContinuingOps": null,
            "netIncomeApplicableToCommonShares": "426500000.00",
            "preferredStockAndOtherAdjustments": null
        },
        "2022-09-30": {
            "date": "2022-09-30",
            "filing_date": null,
            "currency_symbol": "USD",
            "researchDevelopment": null,
            "effectOfAccountingCharges": null,
            "incomeBeforeTax": null,
            "minorityInterest": null,
            "netIncome": null,
            "sellingGeneralAdministrative": null,
            "sellingAndMarketingExpenses": null,
            "grossProfit": null,
            "reconciledDepreciation": null,
            "ebit": "1291500000.00",
            "ebitda": null,
            "depreciationAndAmortization": null,
            "nonOperatingIncomeNetOther": null,
            "operatingIncome": null,
            "otherOperatingExpenses": "164500000.00",
            "interestExpense": null,
            "taxProvision": null,
            "interestIncome": null,
            "netInterestIncome": null,
            "extraordinaryItems": null,
            "nonRecurring": null,
            "otherItems": null,
            "incomeTaxExpense": "169500000.00",
            "totalRevenue": null,
            "totalOperatingExpenses": null,
            "costOfRevenue": null,
            "totalOtherIncomeExpenseNet": null,
            "discontinuedOperations": null,
            "netIncomeFromContinuingOps": null,
            "netIncomeApplicableToCommonShares": "426500000.00",
            "preferredStockAndOtherAdjustments": null
        },
        "2022-06-30": {
            "date": "2022-06-30",
            "filing_date": "2022-06-30",
            "currency_symbol": "CNY",
            "researchDevelopment": null,
            "effectOfAccountingCharges": null,
            "incomeBeforeTax": "1797000000.00",
            "minorityInterest": null,
            "netIncome": "1543000000.00",
            "sellingGeneralAdministrative": "1273000000.00",
            "sellingAndMarketingExpenses": null,
            "grossProfit": "7671000000.00",
            "reconciledDepreciation": null,
            "ebit": "4679141484.00",
            "ebitda": "3122141484.00",
            "depreciationAndAmortization": "-1557000000.00",
            "nonOperatingIncomeNetOther": null,
            "operatingIncome": "1557000000.00",
            "otherOperatingExpenses": "5691000000.00",
            "interestExpense": "183000000.00",
            "taxProvision": "-168000000.00",
            "interestIncome": "23000000.00",
            "netInterestIncome": null,
            "extraordinaryItems": null,
            "nonRecurring": null,
            "otherItems": null,
            "incomeTaxExpense": "249000000.00",
            "totalRevenue": "7671000000.00",
            "totalOperatingExpenses": "5691000000.00",
            "costOfRevenue": null,
            "totalOtherIncomeExpenseNet": "240000000.00",
            "discontinuedOperations": null,
            "netIncomeFromContinuingOps": null,
            "netIncomeApplicableToCommonShares": "-285500000.00",
            "preferredStockAndOtherAdjustments": null
        },
        "2022-03-31": {
            "date": "2022-03-31",
            "filing_date": null,
            "currency_symbol": "CNY",
            "researchDevelopment": null,
            "effectOfAccountingCharges": null,
            "incomeBeforeTax": null,
            "minorityInterest": null,
            "netIncome": null,
            "sellingGeneralAdministrative": null,
            "sellingAndMarketingExpenses": null,
            "grossProfit": null,
            "reconciledDepreciation": null,
            "ebit": "-290500000.00",
            "ebitda": null,
            "depreciationAndAmortization": null,
            "nonOperatingIncomeNetOther": null,
            "operatingIncome": null,
            "otherOperatingExpenses": "136500000.00",
            "interestExpense": null,
            "taxProvision": null,
            "interestIncome": null,
            "netInterestIncome": null,
            "extraordinaryItems": null,
            "nonRecurring": null,
            "otherItems": null,
            "incomeTaxExpense": "-84000000.00",
            "totalRevenue": null,
            "totalOperatingExpenses": null,
            "costOfRevenue": null,
            "totalOtherIncomeExpenseNet": null,
            "discontinuedOperations": null,
            "netIncomeFromContinuingOps": null,
            "netIncomeApplicableToCommonShares": "-285500000.00",
            "preferredStockAndOtherAdjustments": null
        },
        "2021-12-31": {
            "date": "2021-12-31",
            "filing_date": "2021-12-31",
            "currency_symbol": "CNY",
            "researchDevelopment": null,
            "effectOfAccountingCharges": null,
            "incomeBeforeTax": "4754000000.00",
            "minorityInterest": null,
            "netIncome": "4182000000.00",
            "sellingGeneralAdministrative": "1291000000.00",
            "sellingAndMarketingExpenses": null,
            "grossProfit": "22722000000.00",
            "reconciledDepreciation": null,
            "ebit": "10496768636.00",
            "ebitda": "6026768636.00",
            "depreciationAndAmortization": "-4470000000.00",
            "nonOperatingIncomeNetOther": null,
            "operatingIncome": "4470000000.00",
            "otherOperatingExpenses": "17787000000.00",
            "interestExpense": "181000000.00",
            "taxProvision": "546000000.00",
            "interestIncome": "13000000.00",
            "netInterestIncome": null,
            "extraordinaryItems": null,
            "nonRecurring": null,
            "otherItems": null,
            "incomeTaxExpense": "546000000.00",
            "totalRevenue": "22722000000.00",
            "totalOperatingExpenses": "17787000000.00",
            "costOfRevenue": null,
            "totalOtherIncomeExpenseNet": "284000000.00",
            "discontinuedOperations": null,
            "netIncomeFromContinuingOps": null,
            "netIncomeApplicableToCommonShares": "2091000000.00",
            "preferredStockAndOtherAdjustments": null
        },
        "2021-09-30": {
            "date": "2021-09-30",
            "filing_date": null,
            "currency_symbol": "CNY",
            "researchDevelopment": null,
            "effectOfAccountingCharges": null,
            "incomeBeforeTax": null,
            "minorityInterest": null,
            "netIncome": null,
            "sellingGeneralAdministrative": null,
            "sellingAndMarketingExpenses": null,
            "grossProfit": null,
            "reconciledDepreciation": null,
            "ebit": "2157500000.00",
            "ebitda": null,
            "depreciationAndAmortization": null,
            "nonOperatingIncomeNetOther": null,
            "operatingIncome": null,
            "otherOperatingExpenses": "167000000.00",
            "interestExpense": null,
            "taxProvision": null,
            "interestIncome": null,
            "netInterestIncome": null,
            "extraordinaryItems": null,
            "nonRecurring": null,
            "otherItems": null,
            "incomeTaxExpense": "273000000.00",
            "totalRevenue": null,
            "totalOperatingExpenses": null,
            "costOfRevenue": null,
            "totalOtherIncomeExpenseNet": null,
            "discontinuedOperations": null,
            "netIncomeFromContinuingOps": null,
            "netIncomeApplicableToCommonShares": "2091000000.00",
            "preferredStockAndOtherAdjustments": null
        },
        "2021-06-30": {
            "date": "2021-06-30",
            "filing_date": "2021-06-30",
            "currency_symbol": "CNY",
            "researchDevelopment": null,
            "effectOfAccountingCharges": null,
            "incomeBeforeTax": "3714000000.00",
            "minorityInterest": "473000000.00",
            "netIncome": "3245000000.00",
            "sellingGeneralAdministrative": "1229000000.00",
            "sellingAndMarketingExpenses": null,
            "grossProfit": "23635000000.00",
            "reconciledDepreciation": null,
            "ebit": "8577711218.00",
            "ebitda": "5041711218.00",
            "depreciationAndAmortization": "-3536000000.00",
            "nonOperatingIncomeNetOther": null,
            "operatingIncome": "3536000000.00",
            "otherOperatingExpenses": "19745000000.00",
            "interestExpense": "176000000.00",
            "taxProvision": "445000000.00",
            "interestIncome": "2000000.00",
            "netInterestIncome": null,
            "extraordinaryItems": null,
            "nonRecurring": null,
            "otherItems": null,
            "incomeTaxExpense": "445000000.00",
            "totalRevenue": "23635000000.00",
            "totalOperatingExpenses": "19745000000.00",
            "costOfRevenue": null,
            "totalOtherIncomeExpenseNet": "178000000.00",
            "discontinuedOperations": null,
            "netIncomeFromContinuingOps": null,
            "netIncomeApplicableToCommonShares": "1622500000.00",
            "preferredStockAndOtherAdjustments": null
        },
        "2021-03-31": {
            "date": "2021-03-31",
            "filing_date": null,
            "currency_symbol": "CNY",
            "researchDevelopment": null,
            "effectOfAccountingCharges": null,
            "incomeBeforeTax": null,
            "minorityInterest": "473000000.00",
            "netIncome": null,
            "sellingGeneralAdministrative": null,
            "sellingAndMarketingExpenses": null,
            "grossProfit": null,
            "reconciledDepreciation": null,
            "ebit": "1851000000.00",
            "ebitda": null,
            "depreciationAndAmortization": null,
            "nonOperatingIncomeNetOther": null,
            "operatingIncome": null,
            "otherOperatingExpenses": "161500000.00",
            "interestExpense": null,
            "taxProvision": null,
            "interestIncome": null,
            "netInterestIncome": null,
            "extraordinaryItems": null,
            "nonRecurring": null,
            "otherItems": null,
            "incomeTaxExpense": "222500000.00",
            "totalRevenue": null,
            "totalOperatingExpenses": null,
            "costOfRevenue": null,
            "totalOtherIncomeExpenseNet": null,
            "discontinuedOperations": null,
            "netIncomeFromContinuingOps": null,
            "netIncomeApplicableToCommonShares": "1622500000.00",
            "preferredStockAndOtherAdjustments": null
        },
        "2020-12-31": {
            "date": "2020-12-31",
            "filing_date": "2020-12-31",
            "currency_symbol": "CNY",
            "researchDevelopment": null,
            "effectOfAccountingCharges": null,
            "incomeBeforeTax": "4696000000.00",
            "minorityInterest": "468000000.00",
            "netIncome": "3582000000.00",
            "sellingGeneralAdministrative": "1207000000.00",
            "sellingAndMarketingExpenses": null,
            "grossProfit": "31274000000.00",
            "reconciledDepreciation": null,
            "ebit": "12564210906.00",
            "ebitda": "7026210906.00",
            "depreciationAndAmortization": "-5538000000.00",
            "nonOperatingIncomeNetOther": null,
            "operatingIncome": "5538000000.00",
            "otherOperatingExpenses": "26429000000.00",
            "interestExpense": "149000000.00",
            "taxProvision": "1100000000.00",
            "interestIncome": "19000000.00",
            "netInterestIncome": null,
            "extraordinaryItems": null,
            "nonRecurring": null,
            "otherItems": null,
            "incomeTaxExpense": "1100000000.00",
            "totalRevenue": "31274000000.00",
            "totalOperatingExpenses": "26429000000.00",
            "costOfRevenue": null,
            "totalOtherIncomeExpenseNet": "-842000000.00",
            "discontinuedOperations": null,
            "netIncomeFromContinuingOps": null,
            "netIncomeApplicableToCommonShares": "1791000000.00",
            "preferredStockAndOtherAdjustments": null
        },
        "2020-09-30": {
            "date": "2020-09-30",
            "filing_date": null,
            "currency_symbol": "CNY",
            "researchDevelopment": null,
            "effectOfAccountingCharges": null,
            "incomeBeforeTax": null,
            "minorityInterest": "468000000.00",
            "netIncome": null,
            "sellingGeneralAdministrative": null,
            "sellingAndMarketingExpenses": null,
            "grossProfit": null,
            "reconciledDepreciation": null,
            "ebit": "2769000000.00",
            "ebitda": null,
            "depreciationAndAmortization": null,
            "nonOperatingIncomeNetOther": null,
            "operatingIncome": null,
            "otherOperatingExpenses": "165000000.00",
            "interestExpense": null,
            "taxProvision": null,
            "interestIncome": null,
            "netInterestIncome": null,
            "extraordinaryItems": null,
            "nonRecurring": null,
            "otherItems": null,
            "incomeTaxExpense": "550000000.00",
            "totalRevenue": null,
            "totalOperatingExpenses": null,
            "costOfRevenue": null,
            "totalOtherIncomeExpenseNet": null,
            "discontinuedOperations": null,
            "netIncomeFromContinuingOps": null,
            "netIncomeApplicableToCommonShares": "1791000000.00",
            "preferredStockAndOtherAdjustments": null
        },
        "2020-06-30": {
            "date": "2020-06-30",
            "filing_date": "2020-06-30",
            "currency_symbol": "CNY",
            "researchDevelopment": null,
            "effectOfAccountingCharges": null,
            "incomeBeforeTax": "2574000000.00",
            "minorityInterest": "451000000.00",
            "netIncome": "2197000000.00",
            "sellingGeneralAdministrative": "1100000000.00",
            "sellingAndMarketingExpenses": null,
            "grossProfit": "19577000000.00",
            "reconciledDepreciation": null,
            "ebit": "7164918231.00",
            "ebitda": "4346918231.00",
            "depreciationAndAmortization": "-2818000000.00",
            "nonOperatingIncomeNetOther": null,
            "operatingIncome": "2818000000.00",
            "otherOperatingExpenses": "16860000000.00",
            "interestExpense": "143000000.00",
            "taxProvision": "391000000.00",
            "interestIncome": "2000000.00",
            "netInterestIncome": null,
            "extraordinaryItems": null,
            "nonRecurring": null,
            "otherItems": null,
            "incomeTaxExpense": "391000000.00",
            "totalRevenue": "19577000000.00",
            "totalOperatingExpenses": "16860000000.00",
            "costOfRevenue": null,
            "totalOtherIncomeExpenseNet": "-244000000.00",
            "discontinuedOperations": null,
            "netIncomeFromContinuingOps": null,
            "netIncomeApplicableToCommonShares": "1098500000.00",
            "preferredStockAndOtherAdjustments": null
        },
        "2020-03-31": {
            "date": "2020-03-31",
            "filing_date": null,
            "currency_symbol": "CNY",
            "researchDevelopment": null,
            "effectOfAccountingCharges": null,
            "incomeBeforeTax": null,
            "minorityInterest": "451000000.00",
            "netIncome": null,
            "sellingGeneralAdministrative": null,
            "sellingAndMarketingExpenses": null,
            "grossProfit": null,
            "reconciledDepreciation": null,
            "ebit": "1409000000.00",
            "ebitda": null,
            "depreciationAndAmortization": null,
            "nonOperatingIncomeNetOther": null,
            "operatingIncome": null,
            "otherOperatingExpenses": "164500000.00",
            "interestExpense": null,
            "taxProvision": null,
            "interestIncome": null,
            "netInterestIncome": null,
            "extraordinaryItems": null,
            "nonRecurring": null,
            "otherItems": null,
            "incomeTaxExpense": "195500000.00",
            "totalRevenue": null,
            "totalOperatingExpenses": null,
            "costOfRevenue": null,
            "totalOtherIncomeExpenseNet": null,
            "discontinuedOperations": null,
            "netIncomeFromContinuingOps": null,
            "netIncomeApplicableToCommonShares": "1098500000.00",
            "preferredStockAndOtherAdjustments": null
        },
        "2019-12-31": {
            "date": "2019-12-31",
            "filing_date": "2019-12-31",
            "currency_symbol": "CNY",
            "researchDevelopment": null,
            "effectOfAccountingCharges": null,
            "incomeBeforeTax": "3131000000.00",
            "minorityInterest": "448000000.00",
            "netIncome": "2620000000.00",
            "sellingGeneralAdministrative": "1062000000.00",
            "sellingAndMarketingExpenses": null,
            "grossProfit": "23512000000.00",
            "reconciledDepreciation": null,
            "ebit": "9282852918.00",
            "ebitda": "5302852918.00",
            "depreciationAndAmortization": "-3980000000.00",
            "nonOperatingIncomeNetOther": null,
            "operatingIncome": "3980000000.00",
            "otherOperatingExpenses": "20234000000.00",
            "interestExpense": "147000000.00",
            "taxProvision": "489000000.00",
            "interestIncome": "8000000.00",
            "netInterestIncome": null,
            "extraordinaryItems": null,
            "nonRecurring": null,
            "otherItems": null,
            "incomeTaxExpense": "490000000.00",
            "totalRevenue": "23512000000.00",
            "totalOperatingExpenses": "20234000000.00",
            "costOfRevenue": "8908000000.00",
            "totalOtherIncomeExpenseNet": "-849000000.00",
            "discontinuedOperations": null,
            "netIncomeFromContinuingOps": "1402500000.00",
            "netIncomeApplicableToCommonShares": "1392000000.00",
            "preferredStockAndOtherAdjustments": null
        },
        "2019-09-30": {
            "date": "2019-09-30",
            "filing_date": null,
            "currency_symbol": "CNY",
            "researchDevelopment": null,
            "effectOfAccountingCharges": null,
            "incomeBeforeTax": null,
            "minorityInterest": "448000000.00",
            "netIncome": null,
            "sellingGeneralAdministrative": null,
            "sellingAndMarketingExpenses": null,
            "grossProfit": null,
            "reconciledDepreciation": null,
            "ebit": null,
            "ebitda": null,
            "depreciationAndAmortization": null,
            "nonOperatingIncomeNetOther": null,
            "operatingIncome": null,
            "otherOperatingExpenses": "126500000.00",
            "interestExpense": null,
            "taxProvision": null,
            "interestIncome": null,
            "netInterestIncome": null,
            "extraordinaryItems": null,
            "nonRecurring": null,
            "otherItems": null,
            "incomeTaxExpense": "244500000.00",
            "totalRevenue": null,
            "totalOperatingExpenses": null,
            "costOfRevenue": null,
            "totalOtherIncomeExpenseNet": null,
            "discontinuedOperations": null,
            "netIncomeFromContinuingOps": null,
            "netIncomeApplicableToCommonShares": "1392000000.00",
            "preferredStockAndOtherAdjustments": null
        },
        "2019-06-30": {
            "date": "2019-06-30",
            "filing_date": "2019-06-30",
            "currency_symbol": "CNY",
            "researchDevelopment": null,
            "effectOfAccountingCharges": null,
            "incomeBeforeTax": "4096000000.00",
            "minorityInterest": "440000000.00",
            "netIncome": "3359000000.00",
            "sellingGeneralAdministrative": "150500000.00",
            "sellingAndMarketingExpenses": null,
            "grossProfit": "24433000000.00",
            "reconciledDepreciation": "84750000.00",
            "ebit": "10307327937.00",
            "ebitda": "5820327937.00",
            "depreciationAndAmortization": "-4487000000.00",
            "nonOperatingIncomeNetOther": null,
            "operatingIncome": "4487000000.00",
            "otherOperatingExpenses": "20201000000.00",
            "interestExpense": "70750000.00",
            "taxProvision": "719000000.00",
            "interestIncome": null,
            "netInterestIncome": null,
            "extraordinaryItems": null,
            "nonRecurring": null,
            "otherItems": null,
            "incomeTaxExpense": "719000000.00",
            "totalRevenue": "24433000000.00",
            "totalOperatingExpenses": "20201000000.00",
            "costOfRevenue": "8963500000.00",
            "totalOtherIncomeExpenseNet": "-391000000.00",
            "discontinuedOperations": null,
            "netIncomeFromContinuingOps": "1941000000.00",
            "netIncomeApplicableToCommonShares": "3359000000.00",
            "preferredStockAndOtherAdjustments": null
        },
        "2019-03-31": {
            "date": "2019-03-31",
            "filing_date": "2019-03-31",
            "currency_symbol": "CNY",
            "researchDevelopment": null,
            "effectOfAccountingCharges": null,
            "incomeBeforeTax": "1929000000.00",
            "minorityInterest": "440000000.00",
            "netIncome": "1662000000.00",
            "sellingGeneralAdministrative": "150500000.00",
            "sellingAndMarketingExpenses": null,
            "grossProfit": null,
            "reconciledDepreciation": "84750000.00",
            "ebit": "1990000000.00",
            "ebitda": "2074750000.00",
            "depreciationAndAmortization": "84750000.00",
            "nonOperatingIncomeNetOther": null,
            "operatingIncome": null,
            "otherOperatingExpenses": "9881500000.00",
            "interestExpense": "70750000.00",
            "taxProvision": null,
            "interestIncome": null,
            "netInterestIncome": null,
            "extraordinaryItems": null,
            "nonRecurring": null,
            "otherItems": null,
            "incomeTaxExpense": "257250000.00",
            "totalRevenue": "11810500000.00",
            "totalOperatingExpenses": "184000000.00",
            "costOfRevenue": null,
            "totalOtherIncomeExpenseNet": null,
            "discontinuedOperations": null,
            "netIncomeFromContinuingOps": null,
            "netIncomeApplicableToCommonShares": "1932000000.00",
            "preferredStockAndOtherAdjustments": null
        },
        "2018-12-31": {
            "date": "2018-12-31",
            "filing_date": "2018-12-31",
            "currency_symbol": "CNY",
            "researchDevelopment": null,
            "effectOfAccountingCharges": null,
            "incomeBeforeTax": "1023231090.00",
            "minorityInterest": null,
            "netIncome": "691692551.00",
            "sellingGeneralAdministrative": "150500000.00",
            "sellingAndMarketingExpenses": null,
            "grossProfit": "14094925829.00",
            "reconciledDepreciation": "84750000.00",
            "ebit": "1001077239.00",
            "ebitda": "-294461538.00",
            "depreciationAndAmortization": "-1295538777.00",
            "nonOperatingIncomeNetOther": null,
            "operatingIncome": "1295538777.00",
            "otherOperatingExpenses": "12961233183.00",
            "interestExpense": "70750000.00",
            "taxProvision": "382000000.00",
            "interestIncome": "1000000.00",
            "netInterestIncome": null,
            "extraordinaryItems": null,
            "nonRecurring": null,
            "otherItems": null,
            "incomeTaxExpense": "309384688.00",
            "totalRevenue": "14094925829.00",
            "totalOperatingExpenses": "12961233183.00",
            "costOfRevenue": null,
            "totalOtherIncomeExpenseNet": "-272307687.00",
            "discontinuedOperations": null,
            "netIncomeFromContinuingOps": null,
            "netIncomeApplicableToCommonShares": "935000000.00",
            "preferredStockAndOtherAdjustments": null
        },
        "2018-06-30": {
            "date": "2018-06-30",
            "filing_date": "2018-06-30",
            "currency_symbol": "CNY",
            "researchDevelopment": null,
            "effectOfAccountingCharges": null,
            "incomeBeforeTax": "2826000000.00",
            "minorityInterest": null,
            "netIncome": "2228000000.00",
            "sellingGeneralAdministrative": "975000000.00",
            "sellingAndMarketingExpenses": null,
            "grossProfit": "18930000000.00",
            "reconciledDepreciation": null,
            "ebit": "2790000000.00",
            "ebitda": "300000000.00",
            "depreciationAndAmortization": "-2490000000.00",
            "nonOperatingIncomeNetOther": null,
            "operatingIncome": "2490000000.00",
            "otherOperatingExpenses": "16004000000.00",
            "interestExpense": "84000000.00",
            "taxProvision": "467000000.00",
            "interestIncome": "1000000.00",
            "netInterestIncome": null,
            "extraordinaryItems": null,
            "nonRecurring": null,
            "otherItems": null,
            "incomeTaxExpense": "562000000.00",
            "totalRevenue": "18930000000.00",
            "totalOperatingExpenses": "16004000000.00",
            "costOfRevenue": null,
            "totalOtherIncomeExpenseNet": "336000000.00",
            "discontinuedOperations": null,
            "netIncomeFromContinuingOps": null,
            "netIncomeApplicableToCommonShares": "1662000000.00",
            "preferredStockAndOtherAdjustments": null
        },
        "2017-09-30": {
            "date": "2017-09-30",
            "filing_date": "2017-11-30",
            "currency_symbol": "CNY",
            "researchDevelopment": null,
            "effectOfAccountingCharges": null,
            "incomeBeforeTax": "3803000000.00",
            "minorityInterest": "378000000.00",
            "netIncome": "3195000000.00",
            "sellingGeneralAdministrative": "931000000.00",
            "sellingAndMarketingExpenses": null,
            "grossProfit": "20260000000.00",
            "reconciledDepreciation": null,
            "ebit": "4310000000.00",
            "ebitda": "4855198160.00",
            "depreciationAndAmortization": "545198160.00",
            "nonOperatingIncomeNetOther": null,
            "operatingIncome": "4310000000.00",
            "otherOperatingExpenses": "16359000000.00",
            "interestExpense": "98000000.00",
            "taxProvision": "575000000.00",
            "interestIncome": "3000000.00",
            "netInterestIncome": null,
            "extraordinaryItems": null,
            "nonRecurring": null,
            "otherItems": null,
            "incomeTaxExpense": "575000000.00",
            "totalRevenue": "20260000000.00",
            "totalOperatingExpenses": "16359000000.00",
            "costOfRevenue": "7349500000.00",
            "totalOtherIncomeExpenseNet": "-507000000.00",
            "discontinuedOperations": null,
            "netIncomeFromContinuingOps": "1614000000.00",
            "netIncomeApplicableToCommonShares": "3195000000.00",
            "preferredStockAndOtherAdjustments": null
        },
        "2017-08-31": {
            "date": "2017-08-31",
            "filing_date": null,
            "currency_symbol": "CNY",
            "researchDevelopment": null,
            "effectOfAccountingCharges": null,
            "incomeBeforeTax": "1901500000.00",
            "minorityInterest": "378000000.00",
            "netIncome": "1597500000.00",
            "sellingGeneralAdministrative": "516500000.00",
            "sellingAndMarketingExpenses": null,
            "grossProfit": "2780500000.00",
            "reconciledDepreciation": null,
            "ebit": "2155000000.00",
            "ebitda": null,
            "depreciationAndAmortization": null,
            "nonOperatingIncomeNetOther": null,
            "operatingIncome": "2155000000.00",
            "otherOperatingExpenses": "109000000.00",
            "interestExpense": "49000000.00",
            "taxProvision": null,
            "interestIncome": null,
            "netInterestIncome": null,
            "extraordinaryItems": null,
            "nonRecurring": null,
            "otherItems": null,
            "incomeTaxExpense": "287500000.00",
            "totalRevenue": "10130000000.00",
            "totalOperatingExpenses": "7975000000.00",
            "costOfRevenue": "7349500000.00",
            "totalOtherIncomeExpenseNet": "-253500000.00",
            "discontinuedOperations": null,
            "netIncomeFromContinuingOps": "1614000000.00",
            "netIncomeApplicableToCommonShares": "1597500000.00",
            "preferredStockAndOtherAdjustments": null
        },
        "2017-06-30": {
            "date": "2017-06-30",
            "filing_date": "2017-06-30",
            "currency_symbol": "CNY",
            "researchDevelopment": null,
            "effectOfAccountingCharges": null,
            "incomeBeforeTax": "1796750000.00",
            "minorityInterest": "361000000.00",
            "netIncome": "1530000000.00",
            "sellingGeneralAdministrative": "115250000.00",
            "sellingAndMarketingExpenses": null,
            "grossProfit": "2452000000.00",
            "reconciledDepreciation": "35000000.00",
            "ebit": "1825750000.00",
            "ebitda": "1860750000.00",
            "depreciationAndAmortization": "35000000.00",
            "nonOperatingIncomeNetOther": null,
            "operatingIncome": "1880500000.00",
            "otherOperatingExpenses": "7785750000.00",
            "interestExpense": "45750000.00",
            "taxProvision": null,
            "interestIncome": null,
            "netInterestIncome": null,
            "extraordinaryItems": null,
            "nonRecurring": null,
            "otherItems": null,
            "incomeTaxExpense": "250000000.00",
            "totalRevenue": "9582500000.00",
            "totalOperatingExpenses": "132750000.00",
            "costOfRevenue": "6798500000.00",
            "totalOtherIncomeExpenseNet": "54750000.00",
            "discontinuedOperations": null,
            "netIncomeFromContinuingOps": "1479500000.00",
            "netIncomeApplicableToCommonShares": "1462500000.00",
            "preferredStockAndOtherAdjustments": null
        },
        "2017-03-31": {
            "date": "2017-03-31",
            "filing_date": "2017-05-31",
            "currency_symbol": "CNY",
            "researchDevelopment": null,
            "effectOfAccountingCharges": null,
            "incomeBeforeTax": "3512000000.00",
            "minorityInterest": "361000000.00",
            "netIncome": "2925000000.00",
            "sellingGeneralAdministrative": "115250000.00",
            "sellingAndMarketingExpenses": null,
            "grossProfit": "18501000000.00",
            "reconciledDepreciation": "35000000.00",
            "ebit": "3761000000.00",
            "ebitda": "4306198161.00",
            "depreciationAndAmortization": "545198161.00",
            "nonOperatingIncomeNetOther": null,
            "operatingIncome": "3761000000.00",
            "otherOperatingExpenses": "14904000000.00",
            "interestExpense": "45750000.00",
            "taxProvision": null,
            "interestIncome": null,
            "netInterestIncome": null,
            "extraordinaryItems": null,
            "nonRecurring": null,
            "otherItems": null,
            "incomeTaxExpense": "553000000.00",
            "totalRevenue": "18501000000.00",
            "totalOperatingExpenses": "14904000000.00",
            "costOfRevenue": "6798500000.00",
            "totalOtherIncomeExpenseNet": "-249000000.00",
            "discontinuedOperations": null,
            "netIncomeFromContinuingOps": "1479500000.00",
            "netIncomeApplicableToCommonShares": "1462500000.00",
            "preferredStockAndOtherAdjustments": null
        },
        "2016-12-31": {
            "date": "2016-12-31",
            "filing_date": "2017-01-31",
            "currency_symbol": "CNY",
            "researchDevelopment": null,
            "effectOfAccountingCharges": null,
            "incomeBeforeTax": "1796750000.00",
            "minorityInterest": "9000000.00",
            "netIncome": "1530000000.00",
            "sellingGeneralAdministrative": "115250000.00",
            "sellingAndMarketingExpenses": null,
            "grossProfit": "1755000000.00",
            "reconciledDepreciation": "35000000.00",
            "ebit": "1825750000.00",
            "ebitda": "1860750000.00",
            "depreciationAndAmortization": "35000000.00",
            "nonOperatingIncomeNetOther": null,
            "operatingIncome": "1196500000.00",
            "otherOperatingExpenses": "7785750000.00",
            "interestExpense": "45750000.00",
            "taxProvision": null,
            "interestIncome": null,
            "netInterestIncome": null,
            "extraordinaryItems": null,
            "nonRecurring": null,
            "otherItems": null,
            "incomeTaxExpense": "250000000.00",
            "totalRevenue": "9582500000.00",
            "totalOperatingExpenses": "132750000.00",
            "costOfRevenue": "5764500000.00",
            "totalOtherIncomeExpenseNet": "54750000.00",
            "discontinuedOperations": null,
            "netIncomeFromContinuingOps": "1058500000.00",
            "netIncomeApplicableToCommonShares": "1049500000.00",
            "preferredStockAndOtherAdjustments": null
        },
        "2016-09-30": {
            "date": "2016-09-30",
            "filing_date": "2016-11-30",
            "currency_symbol": null,
            "researchDevelopment": null,
            "effectOfAccountingCharges": null,
            "incomeBeforeTax": "2543000000.00",
            "minorityInterest": null,
            "netIncome": "2099000000.00",
            "sellingGeneralAdministrative": null,
            "sellingAndMarketingExpenses": null,
            "grossProfit": "15039000000.00",
            "reconciledDepreciation": null,
            "ebit": "2393000000.00",
            "ebitda": "2866466214.00",
            "depreciationAndAmortization": "473466214.00",
            "nonOperatingIncomeNetOther": null,
            "operatingIncome": "2393000000.00",
            "otherOperatingExpenses": "12418000000.00",
            "interestExpense": null,
            "taxProvision": null,
            "interestIncome": null,
            "netInterestIncome": null,
            "extraordinaryItems": null,
            "nonRecurring": null,
            "otherItems": null,
            "incomeTaxExpense": "426000000.00",
            "totalRevenue": "15039000000.00",
            "totalOperatingExpenses": "12418000000.00",
            "costOfRevenue": null,
            "totalOtherIncomeExpenseNet": "150000000.00",
            "discontinuedOperations": null,
            "netIncomeFromContinuingOps": null,
            "netIncomeApplicableToCommonShares": null,
            "preferredStockAndOtherAdjustments": null
        },
        "2016-08-31": {
            "date": "2016-08-31",
            "filing_date": null,
            "currency_symbol": "CNY",
            "researchDevelopment": null,
            "effectOfAccountingCharges": null,
            "incomeBeforeTax": "1271500000.00",
            "minorityInterest": "9000000.00",
            "netIncome": "1049500000.00",
            "sellingGeneralAdministrative": "460500000.00",
            "sellingAndMarketingExpenses": null,
            "grossProfit": "1755000000.00",
            "reconciledDepreciation": null,
            "ebit": "1196500000.00",
            "ebitda": null,
            "depreciationAndAmortization": null,
            "nonOperatingIncomeNetOther": null,
            "operatingIncome": "1196500000.00",
            "otherOperatingExpenses": "98000000.00",
            "interestExpense": "39000000.00",
            "taxProvision": null,
            "interestIncome": null,
            "netInterestIncome": null,
            "extraordinaryItems": null,
            "nonRecurring": null,
            "otherItems": null,
            "incomeTaxExpense": "213000000.00",
            "totalRevenue": "7518500000.00",
            "totalOperatingExpenses": "6323000000.00",
            "costOfRevenue": "5764500000.00",
            "totalOtherIncomeExpenseNet": "75000000.00",
            "discontinuedOperations": null,
            "netIncomeFromContinuingOps": "1058500000.00",
            "netIncomeApplicableToCommonShares": "1049500000.00",
            "preferredStockAndOtherAdjustments": null
        },
        "2016-06-30": {
            "date": "2016-06-30",
            "filing_date": "2016-06-30",
            "currency_symbol": "CNY",
            "researchDevelopment": null,
            "effectOfAccountingCharges": null,
            "incomeBeforeTax": "1202500000.00",
            "minorityInterest": "15000000.00",
            "netIncome": "1041000000.00",
            "sellingGeneralAdministrative": "90250000.00",
            "sellingAndMarketingExpenses": null,
            "grossProfit": null,
            "reconciledDepreciation": "30500000.00",
            "ebit": "1227750000.00",
            "ebitda": "1258250000.00",
            "depreciationAndAmortization": "30500000.00",
            "nonOperatingIncomeNetOther": null,
            "operatingIncome": null,
            "otherOperatingExpenses": "5846500000.00",
            "interestExpense": "37250000.00",
            "taxProvision": null,
            "interestIncome": null,
            "netInterestIncome": null,
            "extraordinaryItems": null,
            "nonRecurring": null,
            "otherItems": null,
            "incomeTaxExpense": "149500000.00",
            "totalRevenue": "7049000000.00",
            "totalOperatingExpenses": "105250000.00",
            "costOfRevenue": null,
            "totalOtherIncomeExpenseNet": "49250000.00",
            "discontinuedOperations": null,
            "netIncomeFromContinuingOps": null,
            "netIncomeApplicableToCommonShares": null,
            "preferredStockAndOtherAdjustments": null
        },
        "2016-03-31": {
            "date": "2016-03-31",
            "filing_date": "2016-05-31",
            "currency_symbol": "CNY",
            "researchDevelopment": null,
            "effectOfAccountingCharges": null,
            "incomeBeforeTax": "2329000000.00",
            "minorityInterest": "15000000.00",
            "netIncome": "2065000000.00",
            "sellingGeneralAdministrative": "90250000.00",
            "sellingAndMarketingExpenses": null,
            "grossProfit": "12758000000.00",
            "reconciledDepreciation": "30500000.00",
            "ebit": "2316000000.00",
            "ebitda": "2789466214.00",
            "depreciationAndAmortization": "473466214.00",
            "nonOperatingIncomeNetOther": null,
            "operatingIncome": "2316000000.00",
            "otherOperatingExpenses": "10358000000.00",
            "interestExpense": "37250000.00",
            "taxProvision": null,
            "interestIncome": null,
            "netInterestIncome": null,
            "extraordinaryItems": null,
            "nonRecurring": null,
            "otherItems": null,
            "incomeTaxExpense": "234000000.00",
            "totalRevenue": "12758000000.00",
            "totalOperatingExpenses": "10358000000.00",
            "costOfRevenue": null,
            "totalOtherIncomeExpenseNet": "13000000.00",
            "discontinuedOperations": null,
            "netIncomeFromContinuingOps": null,
            "netIncomeApplicableToCommonShares": null,
            "preferredStockAndOtherAdjustments": null
        },
        "2015-12-31": {
            "date": "2015-12-31",
            "filing_date": "2016-01-31",
            "currency_symbol": "CNY",
            "researchDevelopment": null,
            "effectOfAccountingCharges": null,
            "incomeBeforeTax": "1202500000.00",
            "minorityInterest": "5000000.00",
            "netIncome": "1041000000.00",
            "sellingGeneralAdministrative": "90250000.00",
            "sellingAndMarketingExpenses": null,
            "grossProfit": null,
            "reconciledDepreciation": "30500000.00",
            "ebit": "1227750000.00",
            "ebitda": "1258250000.00",
            "depreciationAndAmortization": "30500000.00",
            "nonOperatingIncomeNetOther": null,
            "operatingIncome": null,
            "otherOperatingExpenses": "5846500000.00",
            "interestExpense": "37250000.00",
            "taxProvision": null,
            "interestIncome": null,
            "netInterestIncome": null,
            "extraordinaryItems": null,
            "nonRecurring": null,
            "otherItems": null,
            "incomeTaxExpense": "149500000.00",
            "totalRevenue": "7049000000.00",
            "totalOperatingExpenses": "105250000.00",
            "costOfRevenue": null,
            "totalOtherIncomeExpenseNet": "49250000.00",
            "discontinuedOperations": null,
            "netIncomeFromContinuingOps": null,
            "netIncomeApplicableToCommonShares": null,
            "preferredStockAndOtherAdjustments": null
        },
        "2015-09-30": {
            "date": "2015-09-30",
            "filing_date": "2015-11-30",
            "currency_symbol": "CNY",
            "researchDevelopment": null,
            "effectOfAccountingCharges": null,
            "incomeBeforeTax": "758000000.00",
            "minorityInterest": "6500000.00",
            "netIncome": "561000000.00",
            "sellingGeneralAdministrative": "82250000.00",
            "sellingAndMarketingExpenses": null,
            "grossProfit": "8731000000.00",
            "reconciledDepreciation": "27750000.00",
            "ebit": "209000000.00",
            "ebitda": "732321302.00",
            "depreciationAndAmortization": "523321302.00",
            "nonOperatingIncomeNetOther": null,
            "operatingIncome": "209000000.00",
            "otherOperatingExpenses": "7901000000.00",
            "interestExpense": "38000000.00",
            "taxProvision": null,
            "interestIncome": null,
            "netInterestIncome": null,
            "extraordinaryItems": null,
            "nonRecurring": null,
            "otherItems": null,
            "incomeTaxExpense": "184000000.00",
            "totalRevenue": "8731000000.00",
            "totalOperatingExpenses": "7901000000.00",
            "costOfRevenue": null,
            "totalOtherIncomeExpenseNet": "549000000.00",
            "discontinuedOperations": null,
            "netIncomeFromContinuingOps": null,
            "netIncomeApplicableToCommonShares": null,
            "preferredStockAndOtherAdjustments": null
        },
        "2015-06-30": {
            "date": "2015-06-30",
            "filing_date": "2015-06-30",
            "currency_symbol": "CNY",
            "researchDevelopment": null,
            "effectOfAccountingCharges": null,
            "incomeBeforeTax": "829250000.00",
            "minorityInterest": "6500000.00",
            "netIncome": "672750000.00",
            "sellingGeneralAdministrative": "82250000.00",
            "sellingAndMarketingExpenses": null,
            "grossProfit": null,
            "reconciledDepreciation": "27750000.00",
            "ebit": "861500000.00",
            "ebitda": "889250000.00",
            "depreciationAndAmortization": "27750000.00",
            "nonOperatingIncomeNetOther": null,
            "operatingIncome": "837500000.00",
            "otherOperatingExpenses": "4989250000.00",
            "interestExpense": "38000000.00",
            "taxProvision": null,
            "interestIncome": null,
            "netInterestIncome": null,
            "extraordinaryItems": null,
            "nonRecurring": null,
            "otherItems": null,
            "incomeTaxExpense": "150750000.00",
            "totalRevenue": "5818500000.00",
            "totalOperatingExpenses": "103500000.00",
            "costOfRevenue": null,
            "totalOtherIncomeExpenseNet": "-8250000.00",
            "discontinuedOperations": null,
            "netIncomeFromContinuingOps": null,
            "netIncomeApplicableToCommonShares": null,
            "preferredStockAndOtherAdjustments": null
        },
        "2015-03-31": {
            "date": "2015-03-31",
            "filing_date": "2015-05-31",
            "currency_symbol": "CNY",
            "researchDevelopment": null,
            "effectOfAccountingCharges": null,
            "incomeBeforeTax": "2689000000.00",
            "minorityInterest": "7000000.00",
            "netIncome": "2204000000.00",
            "sellingGeneralAdministrative": "82250000.00",
            "sellingAndMarketingExpenses": null,
            "grossProfit": "13755000000.00",
            "reconciledDepreciation": "27750000.00",
            "ebit": "2602000000.00",
            "ebitda": "3125321301.00",
            "depreciationAndAmortization": "523321301.00",
            "nonOperatingIncomeNetOther": null,
            "operatingIncome": "2602000000.00",
            "otherOperatingExpenses": "10986000000.00",
            "interestExpense": "38000000.00",
            "taxProvision": null,
            "interestIncome": null,
            "netInterestIncome": null,
            "extraordinaryItems": null,
            "nonRecurring": null,
            "otherItems": null,
            "incomeTaxExpense": "471000000.00",
            "totalRevenue": "13755000000.00",
            "totalOperatingExpenses": "10986000000.00",
            "costOfRevenue": null,
            "totalOtherIncomeExpenseNet": "87000000.00",
            "discontinuedOperations": null,
            "netIncomeFromContinuingOps": null,
            "netIncomeApplicableToCommonShares": null,
            "preferredStockAndOtherAdjustments": null
        },
        "2014-12-31": {
            "date": "2014-12-31",
            "filing_date": "2015-01-31",
            "currency_symbol": "CNY",
            "researchDevelopment": null,
            "effectOfAccountingCharges": null,
            "incomeBeforeTax": "829250000.00",
            "minorityInterest": "4500000.00",
            "netIncome": "672750000.00",
            "sellingGeneralAdministrative": "82250000.00",
            "sellingAndMarketingExpenses": null,
            "grossProfit": null,
            "reconciledDepreciation": "27750000.00",
            "ebit": "861500000.00",
            "ebitda": "889250000.00",
            "depreciationAndAmortization": "27750000.00",
            "nonOperatingIncomeNetOther": null,
            "operatingIncome": "837500000.00",
            "otherOperatingExpenses": "4989250000.00",
            "interestExpense": "38000000.00",
            "taxProvision": null,
            "interestIncome": null,
            "netInterestIncome": null,
            "extraordinaryItems": null,
            "nonRecurring": null,
            "otherItems": null,
            "incomeTaxExpense": "150750000.00",
            "totalRevenue": "5818500000.00",
            "totalOperatingExpenses": "103500000.00",
            "costOfRevenue": null,
            "totalOtherIncomeExpenseNet": "-8250000.00",
            "discontinuedOperations": null,
            "netIncomeFromContinuingOps": null,
            "netIncomeApplicableToCommonShares": null,
            "preferredStockAndOtherAdjustments": null
        },
        "2014-09-30": {
            "date": "2014-09-30",
            "filing_date": "2014-11-30",
            "currency_symbol": "CNY",
            "researchDevelopment": null,
            "effectOfAccountingCharges": null,
            "incomeBeforeTax": "2380000000.00",
            "minorityInterest": "4500000.00",
            "netIncome": "1904000000.00",
            "sellingGeneralAdministrative": "83250000.00",
            "sellingAndMarketingExpenses": null,
            "grossProfit": "13640000000.00",
            "reconciledDepreciation": "26000000.00",
            "ebit": "2258000000.00",
            "ebitda": "4516000000.00",
            "depreciationAndAmortization": "2258000000.00",
            "nonOperatingIncomeNetOther": null,
            "operatingIncome": "2258000000.00",
            "otherOperatingExpenses": "11197000000.00",
            "interestExpense": "25750000.00",
            "taxProvision": null,
            "interestIncome": null,
            "netInterestIncome": null,
            "extraordinaryItems": null,
            "nonRecurring": null,
            "otherItems": null,
            "incomeTaxExpense": "467000000.00",
            "totalRevenue": "13640000000.00",
            "totalOperatingExpenses": "11197000000.00",
            "costOfRevenue": null,
            "totalOtherIncomeExpenseNet": "122000000.00",
            "discontinuedOperations": null,
            "netIncomeFromContinuingOps": null,
            "netIncomeApplicableToCommonShares": null,
            "preferredStockAndOtherAdjustments": null
        },
        "2014-06-30": {
            "date": "2014-06-30",
            "filing_date": "2014-06-30",
            "currency_symbol": "CNY",
            "researchDevelopment": null,
            "effectOfAccountingCharges": null,
            "incomeBeforeTax": "1055000000.00",
            "minorityInterest": "4500000.00",
            "netIncome": "862500000.00",
            "sellingGeneralAdministrative": "83250000.00",
            "sellingAndMarketingExpenses": null,
            "grossProfit": null,
            "reconciledDepreciation": "26000000.00",
            "ebit": "1076250000.00",
            "ebitda": "1102250000.00",
            "depreciationAndAmortization": "26000000.00",
            "nonOperatingIncomeNetOther": null,
            "operatingIncome": "1082750000.00",
            "otherOperatingExpenses": "5303250000.00",
            "interestExpense": "25750000.00",
            "taxProvision": null,
            "interestIncome": null,
            "netInterestIncome": null,
            "extraordinaryItems": null,
            "nonRecurring": null,
            "otherItems": null,
            "incomeTaxExpense": "188000000.00",
            "totalRevenue": "6358250000.00",
            "totalOperatingExpenses": "122500000.00",
            "costOfRevenue": null,
            "totalOtherIncomeExpenseNet": "-27750000.00",
            "discontinuedOperations": null,
            "netIncomeFromContinuingOps": null,
            "netIncomeApplicableToCommonShares": null,
            "preferredStockAndOtherAdjustments": null
        },
        "2014-03-31": {
            "date": "2014-03-31",
            "filing_date": "2014-05-31",
            "currency_symbol": "CNY",
            "researchDevelopment": null,
            "effectOfAccountingCharges": null,
            "incomeBeforeTax": "1965000000.00",
            "minorityInterest": "4500000.00",
            "netIncome": "1546000000.00",
            "sellingGeneralAdministrative": "83250000.00",
            "sellingAndMarketingExpenses": null,
            "grossProfit": "11529000000.00",
            "reconciledDepreciation": "26000000.00",
            "ebit": "1967000000.00",
            "ebitda": "3934000000.00",
            "depreciationAndAmortization": "1967000000.00",
            "nonOperatingIncomeNetOther": null,
            "operatingIncome": "1967000000.00",
            "otherOperatingExpenses": "9524000000.00",
            "interestExpense": "25750000.00",
            "taxProvision": null,
            "interestIncome": null,
            "netInterestIncome": null,
            "extraordinaryItems": null,
            "nonRecurring": null,
            "otherItems": null,
            "incomeTaxExpense": "410000000.00",
            "totalRevenue": "11529000000.00",
            "totalOperatingExpenses": "9524000000.00",
            "costOfRevenue": null,
            "totalOtherIncomeExpenseNet": "-2000000.00",
            "discontinuedOperations": null,
            "netIncomeFromContinuingOps": null,
            "netIncomeApplicableToCommonShares": null,
            "preferredStockAndOtherAdjustments": null
        },
        "2013-12-31": {
            "date": "2013-12-31",
            "filing_date": "2014-01-31",
            "currency_symbol": "CNY",
            "researchDevelopment": null,
            "effectOfAccountingCharges": null,
            "incomeBeforeTax": "1055000000.00",
            "minorityInterest": "8000000.00",
            "netIncome": "862500000.00",
            "sellingGeneralAdministrative": "83250000.00",
            "sellingAndMarketingExpenses": null,
            "grossProfit": null,
            "reconciledDepreciation": "26000000.00",
            "ebit": "1076250000.00",
            "ebitda": "1102250000.00",
            "depreciationAndAmortization": "26000000.00",
            "nonOperatingIncomeNetOther": null,
            "operatingIncome": "1082750000.00",
            "otherOperatingExpenses": "5303250000.00",
            "interestExpense": "25750000.00",
            "taxProvision": null,
            "interestIncome": null,
            "netInterestIncome": null,
            "extraordinaryItems": null,
            "nonRecurring": null,
            "otherItems": null,
            "incomeTaxExpense": "188000000.00",
            "totalRevenue": "6358250000.00",
            "totalOperatingExpenses": "122500000.00",
            "costOfRevenue": null,
            "totalOtherIncomeExpenseNet": "-27750000.00",
            "discontinuedOperations": null,
            "netIncomeFromContinuingOps": null,
            "netIncomeApplicableToCommonShares": null,
            "preferredStockAndOtherAdjustments": null
        },
        "2013-09-30": {
            "date": "2013-09-30",
            "filing_date": "2013-11-30",
            "currency_symbol": "CNY",
            "researchDevelopment": null,
            "effectOfAccountingCharges": null,
            "incomeBeforeTax": "1068000000.00",
            "minorityInterest": "8000000.00",
            "netIncome": "889000000.00",
            "sellingGeneralAdministrative": "89750000.00",
            "sellingAndMarketingExpenses": null,
            "grossProfit": "9728000000.00",
            "reconciledDepreciation": "24250000.00",
            "ebit": "1052000000.00",
            "ebitda": "84000000.00",
            "depreciationAndAmortization": "-968000000.00",
            "nonOperatingIncomeNetOther": null,
            "operatingIncome": "968000000.00",
            "otherOperatingExpenses": "8624000000.00",
            "interestExpense": "17750000.00",
            "taxProvision": null,
            "interestIncome": null,
            "netInterestIncome": null,
            "extraordinaryItems": null,
            "nonRecurring": null,
            "otherItems": null,
            "incomeTaxExpense": "163000000.00",
            "totalRevenue": "9728000000.00",
            "totalOperatingExpenses": "8624000000.00",
            "costOfRevenue": null,
            "totalOtherIncomeExpenseNet": "100000000.00",
            "discontinuedOperations": null,
            "netIncomeFromContinuingOps": null,
            "netIncomeApplicableToCommonShares": null,
            "preferredStockAndOtherAdjustments": null
        },
        "2013-06-30": {
            "date": "2013-06-30",
            "filing_date": "2013-06-30",
            "currency_symbol": "CNY",
            "researchDevelopment": null,
            "effectOfAccountingCharges": null,
            "incomeBeforeTax": "872750000.00",
            "minorityInterest": "4500000.00",
            "netIncome": "705500000.00",
            "sellingGeneralAdministrative": "89750000.00",
            "sellingAndMarketingExpenses": null,
            "grossProfit": null,
            "reconciledDepreciation": "24250000.00",
            "ebit": "884250000.00",
            "ebitda": "908500000.00",
            "depreciationAndAmortization": "24250000.00",
            "nonOperatingIncomeNetOther": null,
            "operatingIncome": "881000000.00",
            "otherOperatingExpenses": "4608750000.00",
            "interestExpense": "17750000.00",
            "taxProvision": null,
            "interestIncome": null,
            "netInterestIncome": null,
            "extraordinaryItems": null,
            "nonRecurring": null,
            "otherItems": null,
            "incomeTaxExpense": "161000000.00",
            "totalRevenue": "5481500000.00",
            "totalOperatingExpenses": "81500000.00",
            "costOfRevenue": null,
            "totalOtherIncomeExpenseNet": "-8250000.00",
            "discontinuedOperations": null,
            "netIncomeFromContinuingOps": null,
            "netIncomeApplicableToCommonShares": null,
            "preferredStockAndOtherAdjustments": null
        },
        "2013-03-31": {
            "date": "2013-03-31",
            "filing_date": "2013-05-31",
            "currency_symbol": "CNY",
            "researchDevelopment": null,
            "effectOfAccountingCharges": null,
            "incomeBeforeTax": "2473000000.00",
            "minorityInterest": "4500000.00",
            "netIncome": "1935000000.00",
            "sellingGeneralAdministrative": "89750000.00",
            "sellingAndMarketingExpenses": null,
            "grossProfit": "11903000000.00",
            "reconciledDepreciation": "24250000.00",
            "ebit": "2464000000.00",
            "ebitda": "41000000.00",
            "depreciationAndAmortization": "-2423000000.00",
            "nonOperatingIncomeNetOther": null,
            "operatingIncome": "2423000000.00",
            "otherOperatingExpenses": "9395000000.00",
            "interestExpense": "17750000.00",
            "taxProvision": null,
            "interestIncome": null,
            "netInterestIncome": null,
            "extraordinaryItems": null,
            "nonRecurring": null,
            "otherItems": null,
            "incomeTaxExpense": "529000000.00",
            "totalRevenue": "11903000000.00",
            "totalOperatingExpenses": "9395000000.00",
            "costOfRevenue": null,
            "totalOtherIncomeExpenseNet": "50000000.00",
            "discontinuedOperations": null,
            "netIncomeFromContinuingOps": null,
            "netIncomeApplicableToCommonShares": null,
            "preferredStockAndOtherAdjustments": null
        },
        "2012-12-31": {
            "date": "2012-12-31",
            "filing_date": "2013-01-31",
            "currency_symbol": "CNY",
            "researchDevelopment": null,
            "effectOfAccountingCharges": null,
            "incomeBeforeTax": "872750000.00",
            "minorityInterest": "3000000.00",
            "netIncome": "705500000.00",
            "sellingGeneralAdministrative": "89750000.00",
            "sellingAndMarketingExpenses": null,
            "grossProfit": null,
            "reconciledDepreciation": "24250000.00",
            "ebit": "884250000.00",
            "ebitda": "908500000.00",
            "depreciationAndAmortization": "24250000.00",
            "nonOperatingIncomeNetOther": null,
            "operatingIncome": "881000000.00",
            "otherOperatingExpenses": "4608750000.00",
            "interestExpense": "17750000.00",
            "taxProvision": null,
            "interestIncome": null,
            "netInterestIncome": null,
            "extraordinaryItems": null,
            "nonRecurring": null,
            "otherItems": null,
            "incomeTaxExpense": "161000000.00",
            "totalRevenue": "5481500000.00",
            "totalOperatingExpenses": "81500000.00",
            "costOfRevenue": null,
            "totalOtherIncomeExpenseNet": "-8250000.00",
            "discontinuedOperations": null,
            "netIncomeFromContinuingOps": null,
            "netIncomeApplicableToCommonShares": null,
            "preferredStockAndOtherAdjustments": null
        },
        "2012-09-30": {
            "date": "2012-09-30",
            "filing_date": "2012-11-30",
            "currency_symbol": "CNY",
            "researchDevelopment": null,
            "effectOfAccountingCharges": null,
            "incomeBeforeTax": "967000000.00",
            "minorityInterest": "3000000.00",
            "netIncome": "787500000.00",
            "sellingGeneralAdministrative": "58250000.00",
            "sellingAndMarketingExpenses": null,
            "grossProfit": "5867000000.00",
            "reconciledDepreciation": "22000000.00",
            "ebit": "964000000.00",
            "ebitda": "-144500000.00",
            "depreciationAndAmortization": "-1108500000.00",
            "nonOperatingIncomeNetOther": null,
            "operatingIncome": "1108500000.00",
            "otherOperatingExpenses": "4893000000.00",
            "interestExpense": "4750000.00",
            "taxProvision": null,
            "interestIncome": null,
            "netInterestIncome": null,
            "extraordinaryItems": null,
            "nonRecurring": null,
            "otherItems": null,
            "incomeTaxExpense": "176500000.00",
            "totalRevenue": "5867000000.00",
            "totalOperatingExpenses": "4893000000.00",
            "costOfRevenue": null,
            "totalOtherIncomeExpenseNet": "-141500000.00",
            "discontinuedOperations": null,
            "netIncomeFromContinuingOps": null,
            "netIncomeApplicableToCommonShares": null,
            "preferredStockAndOtherAdjustments": null
        },
        "2012-06-30": {
            "date": "2012-06-30",
            "filing_date": "2012-06-30",
            "currency_symbol": "CNY",
            "researchDevelopment": null,
            "effectOfAccountingCharges": null,
            "incomeBeforeTax": "928500000.00",
            "minorityInterest": "2000000.00",
            "netIncome": "754750000.00",
            "sellingGeneralAdministrative": "58250000.00",
            "sellingAndMarketingExpenses": null,
            "grossProfit": null,
            "reconciledDepreciation": "22000000.00",
            "ebit": "930750000.00",
            "ebitda": "952750000.00",
            "depreciationAndAmortization": "22000000.00",
            "nonOperatingIncomeNetOther": null,
            "operatingIncome": "929750000.00",
            "otherOperatingExpenses": "4168250000.00",
            "interestExpense": "4750000.00",
            "taxProvision": null,
            "interestIncome": null,
            "netInterestIncome": null,
            "extraordinaryItems": null,
            "nonRecurring": null,
            "otherItems": null,
            "incomeTaxExpense": "171250000.00",
            "totalRevenue": "5096750000.00",
            "totalOperatingExpenses": "73750000.00",
            "costOfRevenue": null,
            "totalOtherIncomeExpenseNet": "-1250000.00",
            "discontinuedOperations": null,
            "netIncomeFromContinuingOps": null,
            "netIncomeApplicableToCommonShares": null,
            "preferredStockAndOtherAdjustments": null
        },
        "2012-03-31": {
            "date": "2012-03-31",
            "filing_date": "2012-05-31",
            "currency_symbol": "CNY",
            "researchDevelopment": null,
            "effectOfAccountingCharges": null,
            "incomeBeforeTax": "6907735000.00",
            "minorityInterest": "2000000.00",
            "netIncome": "5603803000.00",
            "sellingGeneralAdministrative": "58250000.00",
            "sellingAndMarketingExpenses": null,
            "grossProfit": "34693905000.00",
            "reconciledDepreciation": "22000000.00",
            "ebit": "930750000.00",
            "ebitda": "6872808250.00",
            "depreciationAndAmortization": "22000000.00",
            "nonOperatingIncomeNetOther": null,
            "operatingIncome": "6872808250.00",
            "otherOperatingExpenses": "27766766250.00",
            "interestExpense": "19403750.00",
            "taxProvision": null,
            "interestIncome": null,
            "netInterestIncome": null,
            "extraordinaryItems": null,
            "nonRecurring": null,
            "otherItems": null,
            "incomeTaxExpense": "1288409000.00",
            "totalRevenue": "34693905000.00",
            "totalOperatingExpenses": "-27766766250.00",
            "costOfRevenue": null,
            "totalOtherIncomeExpenseNet": "34926750.00",
            "discontinuedOperations": null,
            "netIncomeFromContinuingOps": null,
            "netIncomeApplicableToCommonShares": null,
            "preferredStockAndOtherAdjustments": null
        },
        "2011-12-31": {
            "date": "2011-12-31",
            "filing_date": "2012-01-31",
            "currency_symbol": "CNY",
            "researchDevelopment": null,
            "effectOfAccountingCharges": null,
            "incomeBeforeTax": "928500000.00",
            "minorityInterest": "1500000.00",
            "netIncome": "754750000.00",
            "sellingGeneralAdministrative": "58250000.00",
            "sellingAndMarketingExpenses": null,
            "grossProfit": null,
            "reconciledDepreciation": "22000000.00",
            "ebit": "930750000.00",
            "ebitda": "952750000.00",
            "depreciationAndAmortization": "22000000.00",
            "nonOperatingIncomeNetOther": null,
            "operatingIncome": "929750000.00",
            "otherOperatingExpenses": "4168250000.00",
            "interestExpense": "4750000.00",
            "taxProvision": null,
            "interestIncome": null,
            "netInterestIncome": null,
            "extraordinaryItems": null,
            "nonRecurring": null,
            "otherItems": null,
            "incomeTaxExpense": "171250000.00",
            "totalRevenue": "5096750000.00",
            "totalOperatingExpenses": "73750000.00",
            "costOfRevenue": null,
            "totalOtherIncomeExpenseNet": "-1250000.00",
            "discontinuedOperations": null,
            "netIncomeFromContinuingOps": null,
            "netIncomeApplicableToCommonShares": null,
            "preferredStockAndOtherAdjustments": null
        },
        "2011-09-30": {
            "date": "2011-09-30",
            "filing_date": "2011-09-30",
            "currency_symbol": "CNY",
            "researchDevelopment": null,
            "effectOfAccountingCharges": null,
            "incomeBeforeTax": "542000000.00",
            "minorityInterest": "1500000.00",
            "netIncome": "400000000.00",
            "sellingGeneralAdministrative": "369500000.00",
            "sellingAndMarketingExpenses": null,
            "grossProfit": null,
            "reconciledDepreciation": null,
            "ebit": null,
            "ebitda": "543000000.00",
            "depreciationAndAmortization": null,
            "nonOperatingIncomeNetOther": null,
            "operatingIncome": "539000000.00",
            "otherOperatingExpenses": "3055000000.00",
            "interestExpense": "3000000.00",
            "taxProvision": null,
            "interestIncome": null,
            "netInterestIncome": null,
            "extraordinaryItems": null,
            "nonRecurring": null,
            "otherItems": null,
            "incomeTaxExpense": "140000000.00",
            "totalRevenue": "3597000000.00",
            "totalOperatingExpenses": "-7250000.00",
            "costOfRevenue": null,
            "totalOtherIncomeExpenseNet": "3000000.00",
            "discontinuedOperations": null,
            "netIncomeFromContinuingOps": null,
            "netIncomeApplicableToCommonShares": null,
            "preferredStockAndOtherAdjustments": null
        },
        "2011-06-30": {
            "date": "2011-06-30",
            "filing_date": "2011-06-30",
            "currency_symbol": "CNY",
            "researchDevelopment": null,
            "effectOfAccountingCharges": null,
            "incomeBeforeTax": "542000000.00",
            "minorityInterest": "2500000.00",
            "netIncome": "400000000.00",
            "sellingGeneralAdministrative": "369500000.00",
            "sellingAndMarketingExpenses": null,
            "grossProfit": null,
            "reconciledDepreciation": null,
            "ebit": null,
            "ebitda": "543000000.00",
            "depreciationAndAmortization": null,
            "nonOperatingIncomeNetOther": null,
            "operatingIncome": "539000000.00",
            "otherOperatingExpenses": "3055000000.00",
            "interestExpense": "3000000.00",
            "taxProvision": null,
            "interestIncome": null,
            "netInterestIncome": null,
            "extraordinaryItems": null,
            "nonRecurring": null,
            "otherItems": null,
            "incomeTaxExpense": "140000000.00",
            "totalRevenue": "3597000000.00",
            "totalOperatingExpenses": "-7250000.00",
            "costOfRevenue": null,
            "totalOtherIncomeExpenseNet": "3000000.00",
            "discontinuedOperations": null,
            "netIncomeFromContinuingOps": null,
            "netIncomeApplicableToCommonShares": null,
            "preferredStockAndOtherAdjustments": null
        },
        "2011-03-31": {
            "date": "2011-03-31",
            "filing_date": "2011-03-31",
            "currency_symbol": "CNY",
            "researchDevelopment": null,
            "effectOfAccountingCharges": null,
            "incomeBeforeTax": "542000000.00",
            "minorityInterest": "2500000.00",
            "netIncome": "400000000.00",
            "sellingGeneralAdministrative": "369500000.00",
            "sellingAndMarketingExpenses": null,
            "grossProfit": null,
            "reconciledDepreciation": null,
            "ebit": null,
            "ebitda": "543000000.00",
            "depreciationAndAmortization": null,
            "nonOperatingIncomeNetOther": null,
            "operatingIncome": "539000000.00",
            "otherOperatingExpenses": "3055000000.00",
            "interestExpense": "3000000.00",
            "taxProvision": null,
            "interestIncome": null,
            "netInterestIncome": null,
            "extraordinaryItems": null,
            "nonRecurring": null,
            "otherItems": null,
            "incomeTaxExpense": "140000000.00",
            "totalRevenue": "3597000000.00",
            "totalOperatingExpenses": "-7250000.00",
            "costOfRevenue": null,
            "totalOtherIncomeExpenseNet": "3000000.00",
            "discontinuedOperations": null,
            "netIncomeFromContinuingOps": null,
            "netIncomeApplicableToCommonShares": null,
            "preferredStockAndOtherAdjustments": null
        },
        "2010-12-31": {
            "date": "2010-12-31",
            "filing_date": "2011-01-31",
            "currency_symbol": "CNY",
            "researchDevelopment": null,
            "effectOfAccountingCharges": null,
            "incomeBeforeTax": "542000000.00",
            "minorityInterest": "2000000.00",
            "netIncome": "400000000.00",
            "sellingGeneralAdministrative": "369500000.00",
            "sellingAndMarketingExpenses": null,
            "grossProfit": null,
            "reconciledDepreciation": null,
            "ebit": null,
            "ebitda": "543000000.00",
            "depreciationAndAmortization": null,
            "nonOperatingIncomeNetOther": null,
            "operatingIncome": "539000000.00",
            "otherOperatingExpenses": "3055000000.00",
            "interestExpense": "3000000.00",
            "taxProvision": null,
            "interestIncome": null,
            "netInterestIncome": null,
            "extraordinaryItems": null,
            "nonRecurring": null,
            "otherItems": null,
            "incomeTaxExpense": "140000000.00",
            "totalRevenue": "3597000000.00",
            "totalOperatingExpenses": "-7250000.00",
            "costOfRevenue": null,
            "totalOtherIncomeExpenseNet": "3000000.00",
            "discontinuedOperations": null,
            "netIncomeFromContinuingOps": null,
            "netIncomeApplicableToCommonShares": null,
            "preferredStockAndOtherAdjustments": null
        },
        "2010-09-30": {
            "date": "2010-09-30",
            "filing_date": "2010-09-30",
            "currency_symbol": "CNY",
            "researchDevelopment": null,
            "effectOfAccountingCharges": null,
            "incomeBeforeTax": "887250000.00",
            "minorityInterest": "2000000.00",
            "netIncome": "675250000.00",
            "sellingGeneralAdministrative": "36000000.00",
            "sellingAndMarketingExpenses": null,
            "grossProfit": null,
            "reconciledDepreciation": "20500000.00",
            "ebit": "886250000.00",
            "ebitda": "906750000.00",
            "depreciationAndAmortization": "20500000.00",
            "nonOperatingIncomeNetOther": null,
            "operatingIncome": null,
            "otherOperatingExpenses": "3711250000.00",
            "interestExpense": "1250000.00",
            "taxProvision": null,
            "interestIncome": null,
            "netInterestIncome": null,
            "extraordinaryItems": null,
            "nonRecurring": null,
            "otherItems": null,
            "incomeTaxExpense": "209750000.00",
            "totalRevenue": "4598500000.00",
            "totalOperatingExpenses": "60500000.00",
            "costOfRevenue": null,
            "totalOtherIncomeExpenseNet": "-59000000.00",
            "discontinuedOperations": null,
            "netIncomeFromContinuingOps": null,
            "netIncomeApplicableToCommonShares": null,
            "preferredStockAndOtherAdjustments": null
        },
        "2010-06-30": {
            "date": "2010-06-30",
            "filing_date": "2010-06-30",
            "currency_symbol": "CNY",
            "researchDevelopment": null,
            "effectOfAccountingCharges": null,
            "incomeBeforeTax": "887250000.00",
            "minorityInterest": "2500000.00",
            "netIncome": "675250000.00",
            "sellingGeneralAdministrative": "36000000.00",
            "sellingAndMarketingExpenses": null,
            "grossProfit": null,
            "reconciledDepreciation": "20500000.00",
            "ebit": "886250000.00",
            "ebitda": "906750000.00",
            "depreciationAndAmortization": "20500000.00",
            "nonOperatingIncomeNetOther": null,
            "operatingIncome": null,
            "otherOperatingExpenses": "3711250000.00",
            "interestExpense": "1250000.00",
            "taxProvision": null,
            "interestIncome": null,
            "netInterestIncome": null,
            "extraordinaryItems": null,
            "nonRecurring": null,
            "otherItems": null,
            "incomeTaxExpense": "209750000.00",
            "totalRevenue": "4598500000.00",
            "totalOperatingExpenses": "60500000.00",
            "costOfRevenue": null,
            "totalOtherIncomeExpenseNet": "-59000000.00",
            "discontinuedOperations": null,
            "netIncomeFromContinuingOps": null,
            "netIncomeApplicableToCommonShares": null,
            "preferredStockAndOtherAdjustments": null
        },
        "2010-03-31": {
            "date": "2010-03-31",
            "filing_date": "2010-03-31",
            "currency_symbol": "CNY",
            "researchDevelopment": null,
            "effectOfAccountingCharges": null,
            "incomeBeforeTax": "887250000.00",
            "minorityInterest": "2500000.00",
            "netIncome": "675250000.00",
            "sellingGeneralAdministrative": "36000000.00",
            "sellingAndMarketingExpenses": null,
            "grossProfit": null,
            "reconciledDepreciation": "20500000.00",
            "ebit": "886250000.00",
            "ebitda": "906750000.00",
            "depreciationAndAmortization": "20500000.00",
            "nonOperatingIncomeNetOther": null,
            "operatingIncome": null,
            "otherOperatingExpenses": "3711250000.00",
            "interestExpense": "1250000.00",
            "taxProvision": null,
            "interestIncome": null,
            "netInterestIncome": null,
            "extraordinaryItems": null,
            "nonRecurring": null,
            "otherItems": null,
            "incomeTaxExpense": "209750000.00",
            "totalRevenue": "4598500000.00",
            "totalOperatingExpenses": "60500000.00",
            "costOfRevenue": null,
            "totalOtherIncomeExpenseNet": "-59000000.00",
            "discontinuedOperations": null,
            "netIncomeFromContinuingOps": null,
            "netIncomeApplicableToCommonShares": null,
            "preferredStockAndOtherAdjustments": null
        },
        "2009-12-31": {
            "date": "2009-12-31",
            "filing_date": "2010-01-31",
            "currency_symbol": "CNY",
            "researchDevelopment": null,
            "effectOfAccountingCharges": null,
            "incomeBeforeTax": "887250000.00",
            "minorityInterest": "3000000.00",
            "netIncome": "675250000.00",
            "sellingGeneralAdministrative": "36000000.00",
            "sellingAndMarketingExpenses": null,
            "grossProfit": null,
            "reconciledDepreciation": "20500000.00",
            "ebit": "886250000.00",
            "ebitda": "906750000.00",
            "depreciationAndAmortization": "20500000.00",
            "nonOperatingIncomeNetOther": null,
            "operatingIncome": null,
            "otherOperatingExpenses": "3711250000.00",
            "interestExpense": "1250000.00",
            "taxProvision": null,
            "interestIncome": null,
            "netInterestIncome": null,
            "extraordinaryItems": null,
            "nonRecurring": null,
            "otherItems": null,
            "incomeTaxExpense": "209750000.00",
            "totalRevenue": "4598500000.00",
            "totalOperatingExpenses": "60500000.00",
            "costOfRevenue": null,
            "totalOtherIncomeExpenseNet": "-59000000.00",
            "discontinuedOperations": null,
            "netIncomeFromContinuingOps": null,
            "netIncomeApplicableToCommonShares": null,
            "preferredStockAndOtherAdjustments": null
        },
        "2009-09-30": {
            "date": "2009-09-30",
            "filing_date": "2009-09-30",
            "currency_symbol": "CNY",
            "researchDevelopment": null,
            "effectOfAccountingCharges": null,
            "incomeBeforeTax": "602750000.00",
            "minorityInterest": "3000000.00",
            "netIncome": "438500000.00",
            "sellingGeneralAdministrative": "41250000.00",
            "sellingAndMarketingExpenses": null,
            "grossProfit": null,
            "reconciledDepreciation": "17000000.00",
            "ebit": "603250000.00",
            "ebitda": "620250000.00",
            "depreciationAndAmortization": "17000000.00",
            "nonOperatingIncomeNetOther": null,
            "operatingIncome": "608000000.00",
            "otherOperatingExpenses": "4151250000.00",
            "interestExpense": "1250000.00",
            "taxProvision": null,
            "interestIncome": null,
            "netInterestIncome": null,
            "extraordinaryItems": null,
            "nonRecurring": null,
            "otherItems": null,
            "incomeTaxExpense": "163500000.00",
            "totalRevenue": "4754000000.00",
            "totalOperatingExpenses": "53750000.00",
            "costOfRevenue": null,
            "totalOtherIncomeExpenseNet": "-5250000.00",
            "discontinuedOperations": null,
            "netIncomeFromContinuingOps": null,
            "netIncomeApplicableToCommonShares": null,
            "preferredStockAndOtherAdjustments": null
        },
        "2009-06-30": {
            "date": "2009-06-30",
            "filing_date": "2009-06-30",
            "currency_symbol": "CNY",
            "researchDevelopment": null,
            "effectOfAccountingCharges": null,
            "incomeBeforeTax": "602750000.00",
            "minorityInterest": null,
            "netIncome": "438500000.00",
            "sellingGeneralAdministrative": "41250000.00",
            "sellingAndMarketingExpenses": null,
            "grossProfit": null,
            "reconciledDepreciation": "17000000.00",
            "ebit": "603250000.00",
            "ebitda": "620250000.00",
            "depreciationAndAmortization": "17000000.00",
            "nonOperatingIncomeNetOther": null,
            "operatingIncome": "608000000.00",
            "otherOperatingExpenses": "4151250000.00",
            "interestExpense": "1250000.00",
            "taxProvision": null,
            "interestIncome": null,
            "netInterestIncome": null,
            "extraordinaryItems": null,
            "nonRecurring": null,
            "otherItems": null,
            "incomeTaxExpense": "163500000.00",
            "totalRevenue": "4754000000.00",
            "totalOperatingExpenses": "53750000.00",
            "costOfRevenue": null,
            "totalOtherIncomeExpenseNet": "-5250000.00",
            "discontinuedOperations": null,
            "netIncomeFromContinuingOps": null,
            "netIncomeApplicableToCommonShares": null,
            "preferredStockAndOtherAdjustments": null
        },
        "2009-03-31": {
            "date": "2009-03-31",
            "filing_date": "2009-03-31",
            "currency_symbol": "CNY",
            "researchDevelopment": null,
            "effectOfAccountingCharges": null,
            "incomeBeforeTax": "602750000.00",
            "minorityInterest": null,
            "netIncome": "438500000.00",
            "sellingGeneralAdministrative": "41250000.00",
            "sellingAndMarketingExpenses": null,
            "grossProfit": null,
            "reconciledDepreciation": "17000000.00",
            "ebit": "603250000.00",
            "ebitda": "620250000.00",
            "depreciationAndAmortization": "17000000.00",
            "nonOperatingIncomeNetOther": null,
            "operatingIncome": "608000000.00",
            "otherOperatingExpenses": "4151250000.00",
            "interestExpense": "1250000.00",
            "taxProvision": null,
            "interestIncome": null,
            "netInterestIncome": null,
            "extraordinaryItems": null,
            "nonRecurring": null,
            "otherItems": null,
            "incomeTaxExpense": "163500000.00",
            "totalRevenue": "4754000000.00",
            "totalOperatingExpenses": "53750000.00",
            "costOfRevenue": null,
            "totalOtherIncomeExpenseNet": "-5250000.00",
            "discontinuedOperations": null,
            "netIncomeFromContinuingOps": null,
            "netIncomeApplicableToCommonShares": null,
            "preferredStockAndOtherAdjustments": null
        },
        "2008-12-31": {
            "date": "2008-12-31",
            "filing_date": "2009-01-31",
            "currency_symbol": "CNY",
            "researchDevelopment": null,
            "effectOfAccountingCharges": null,
            "incomeBeforeTax": "602750000.00",
            "minorityInterest": null,
            "netIncome": "438500000.00",
            "sellingGeneralAdministrative": "41250000.00",
            "sellingAndMarketingExpenses": null,
            "grossProfit": null,
            "reconciledDepreciation": "17000000.00",
            "ebit": "603250000.00",
            "ebitda": "620250000.00",
            "depreciationAndAmortization": "17000000.00",
            "nonOperatingIncomeNetOther": null,
            "operatingIncome": "608000000.00",
            "otherOperatingExpenses": "4151250000.00",
            "interestExpense": "1250000.00",
            "taxProvision": null,
            "interestIncome": null,
            "netInterestIncome": null,
            "extraordinaryItems": null,
            "nonRecurring": null,
            "otherItems": null,
            "incomeTaxExpense": "163500000.00",
            "totalRevenue": "4754000000.00",
            "totalOperatingExpenses": "53750000.00",
            "costOfRevenue": null,
            "totalOtherIncomeExpenseNet": "-5250000.00",
            "discontinuedOperations": null,
            "netIncomeFromContinuingOps": null,
            "netIncomeApplicableToCommonShares": null,
            "preferredStockAndOtherAdjustments": null
        }
    },
    "yearly": {
        "2024-12-31": {
            "date": "2024-12-31",
            "filing_date": "2024-12-31",
            "currency_symbol": "HKD",
            "researchDevelopment": null,
            "effectOfAccountingCharges": null,
            "incomeBeforeTax": "7831000000.00",
            "minorityInterest": "-17000000.00",
            "netIncome": "6836000000.00",
            "sellingGeneralAdministrative": null,
            "sellingAndMarketingExpenses": null,
            "grossProfit": "20355000000.00",
            "reconciledDepreciation": "473000000.00",
            "ebit": "8446000000.00",
            "ebitda": "8919000000.00",
            "depreciationAndAmortization": "473000000.00",
            "nonOperatingIncomeNetOther": null,
            "operatingIncome": "7831000000.00",
            "otherOperatingExpenses": "12524000000.00",
            "interestExpense": "615000000.00",
            "taxProvision": "978000000.00",
            "interestIncome": "219000000.00",
            "netInterestIncome": "-615000000.00",
            "extraordinaryItems": null,
            "nonRecurring": null,
            "otherItems": null,
            "incomeTaxExpense": "978000000.00",
            "totalRevenue": "20355000000.00",
            "totalOperatingExpenses": "12524000000.00",
            "costOfRevenue": null,
            "totalOtherIncomeExpenseNet": "1466000000.00",
            "discontinuedOperations": null,
            "netIncomeFromContinuingOps": "6853000000.00",
            "netIncomeApplicableToCommonShares": "6836000000.00",
            "preferredStockAndOtherAdjustments": null
        },
        "2023-12-31": {
            "date": "2023-12-31",
            "filing_date": "2023-12-31",
            "currency_symbol": "USD",
            "researchDevelopment": null,
            "effectOfAccountingCharges": null,
            "incomeBeforeTax": "4564000000.00",
            "minorityInterest": "-17000000.00",
            "netIncome": "3764000000.00",
            "sellingGeneralAdministrative": null,
            "sellingAndMarketingExpenses": null,
            "grossProfit": "19757000000.00",
            "reconciledDepreciation": "416000000.00",
            "ebit": "5049000000.00",
            "ebitda": "5465000000.00",
            "depreciationAndAmortization": "416000000.00",
            "nonOperatingIncomeNetOther": null,
            "operatingIncome": "5748000000.00",
            "otherOperatingExpenses": "14708000000.00",
            "interestExpense": "485000000.00",
            "taxProvision": "783000000.00",
            "interestIncome": "9308000000.00",
            "netInterestIncome": "-485000000.00",
            "extraordinaryItems": null,
            "nonRecurring": null,
            "otherItems": null,
            "incomeTaxExpense": "783000000.00",
            "totalRevenue": "20585000000.00",
            "totalOperatingExpenses": "14708000000.00",
            "costOfRevenue": "828000000.00",
            "totalOtherIncomeExpenseNet": "-1184000000.00",
            "discontinuedOperations": null,
            "netIncomeFromContinuingOps": "3781000000.00",
            "netIncomeApplicableToCommonShares": "3764000000.00",
            "preferredStockAndOtherAdjustments": null
        },
        "2022-12-31": {
            "date": "2022-12-31",
            "filing_date": "2022-12-31",
            "currency_symbol": "USD",
            "researchDevelopment": null,
            "effectOfAccountingCharges": null,
            "incomeBeforeTax": "4054000000.00",
            "minorityInterest": "-38000000.00",
            "netIncome": "3331000000.00",
            "sellingGeneralAdministrative": "2628000000.00",
            "sellingAndMarketingExpenses": null,
            "grossProfit": "17764000000.00",
            "reconciledDepreciation": "404000000.00",
            "ebit": "8045721256.00",
            "ebitda": "8436721256.00",
            "depreciationAndAmortization": "391000000.00",
            "nonOperatingIncomeNetOther": null,
            "operatingIncome": "5375000000.00",
            "otherOperatingExpenses": "13316000000.00",
            "interestExpense": "394000000.00",
            "taxProvision": "171000000.00",
            "interestIncome": "32000000.00",
            "netInterestIncome": "-394000000.00",
            "extraordinaryItems": null,
            "nonRecurring": null,
            "otherItems": null,
            "incomeTaxExpense": "689000000.00",
            "totalRevenue": "17764000000.00",
            "totalOperatingExpenses": "13316000000.00",
            "costOfRevenue": null,
            "totalOtherIncomeExpenseNet": "-1321000000.00",
            "discontinuedOperations": null,
            "netIncomeFromContinuingOps": "320000000.00",
            "netIncomeApplicableToCommonShares": "282000000.00",
            "preferredStockAndOtherAdjustments": null
        },
        "2021-12-31": {
            "date": "2021-12-31",
            "filing_date": "2021-12-31",
            "currency_symbol": "CNY",
            "researchDevelopment": null,
            "effectOfAccountingCharges": null,
            "incomeBeforeTax": "8468000000.00",
            "minorityInterest": "-50000000.00",
            "netIncome": "7427000000.00",
            "sellingGeneralAdministrative": "771000000.00",
            "sellingAndMarketingExpenses": "2260000000.00",
            "grossProfit": "46357000000.00",
            "reconciledDepreciation": "394000000.00",
            "ebit": "10674497879.00",
            "ebitda": "11068497879.00",
            "depreciationAndAmortization": "394000000.00",
            "nonOperatingIncomeNetOther": null,
            "operatingIncome": "8006000000.00",
            "otherOperatingExpenses": "37532000000.00",
            "interestExpense": "357000000.00",
            "taxProvision": "991000000.00",
            "interestIncome": "11000000.00",
            "netInterestIncome": "-357000000.00",
            "extraordinaryItems": null,
            "nonRecurring": null,
            "otherItems": null,
            "incomeTaxExpense": "991000000.00",
            "totalRevenue": "46357000000.00",
            "totalOperatingExpenses": "37532000000.00",
            "costOfRevenue": null,
            "totalOtherIncomeExpenseNet": "462000000.00",
            "discontinuedOperations": null,
            "netIncomeFromContinuingOps": "7477000000.00",
            "netIncomeApplicableToCommonShares": "7427000000.00",
            "preferredStockAndOtherAdjustments": null
        },
        "2020-12-31": {
            "date": "2020-12-31",
            "filing_date": "2020-12-31",
            "currency_symbol": "CNY",
            "researchDevelopment": null,
            "effectOfAccountingCharges": null,
            "incomeBeforeTax": "7270000000.00",
            "minorityInterest": "468000000.00",
            "netIncome": "5779000000.00",
            "sellingGeneralAdministrative": "611000000.00",
            "sellingAndMarketingExpenses": "2084000000.00",
            "grossProfit": "50851000000.00",
            "reconciledDepreciation": "389000000.00",
            "ebit": "10984082047.00",
            "ebitda": "11373082047.00",
            "depreciationAndAmortization": "389000000.00",
            "nonOperatingIncomeNetOther": null,
            "operatingIncome": "8356000000.00",
            "otherOperatingExpenses": "43289000000.00",
            "interestExpense": "292000000.00",
            "taxProvision": "1320000000.00",
            "interestIncome": "7987000000.00",
            "netInterestIncome": "-292000000.00",
            "extraordinaryItems": null,
            "nonRecurring": null,
            "otherItems": null,
            "incomeTaxExpense": "1491000000.00",
            "totalRevenue": "50851000000.00",
            "totalOperatingExpenses": "43289000000.00",
            "costOfRevenue": null,
            "totalOtherIncomeExpenseNet": "-1086000000.00",
            "discontinuedOperations": null,
            "netIncomeFromContinuingOps": "5779000000.00",
            "netIncomeApplicableToCommonShares": "5779000000.00",
            "preferredStockAndOtherAdjustments": null
        },
        "2019-12-31": {
            "date": "2019-12-31",
            "filing_date": "2019-12-31",
            "currency_symbol": "CNY",
            "researchDevelopment": null,
            "effectOfAccountingCharges": null,
            "incomeBeforeTax": "7227000000.00",
            "minorityInterest": "448000000.00",
            "netIncome": "6648000000.00",
            "sellingGeneralAdministrative": "602000000.00",
            "sellingAndMarketingExpenses": "1866000000.00",
            "grossProfit": "47945000000.00",
            "reconciledDepreciation": "339000000.00",
            "ebit": "10784132143.00",
            "ebitda": "11123132143.00",
            "depreciationAndAmortization": "339000000.00",
            "nonOperatingIncomeNetOther": null,
            "operatingIncome": "8467000000.00",
            "otherOperatingExpenses": "40435000000.00",
            "interestExpense": "283000000.00",
            "taxProvision": "1208000000.00",
            "interestIncome": "8000000.00",
            "netInterestIncome": "-283000000.00",
            "extraordinaryItems": null,
            "nonRecurring": null,
            "otherItems": null,
            "incomeTaxExpense": "1209000000.00",
            "totalRevenue": "47945000000.00",
            "totalOperatingExpenses": "40435000000.00",
            "costOfRevenue": "35743000000.00",
            "totalOtherIncomeExpenseNet": "-1240000000.00",
            "discontinuedOperations": null,
            "netIncomeFromContinuingOps": "6687000000.00",
            "netIncomeApplicableToCommonShares": "5979000000.00",
            "preferredStockAndOtherAdjustments": null
        },
        "2018-12-31": {
            "date": "2018-12-31",
            "filing_date": "2018-12-31",
            "currency_symbol": "CNY",
            "researchDevelopment": null,
            "effectOfAccountingCharges": null,
            "incomeBeforeTax": "3849231090.00",
            "minorityInterest": "400000000.00",
            "netIncome": "2919692551.00",
            "sellingGeneralAdministrative": "2023000000.00",
            "sellingAndMarketingExpenses": null,
            "grossProfit": "33024925829.00",
            "reconciledDepreciation": null,
            "ebit": "8829912079.00",
            "ebitda": "5044373302.00",
            "depreciationAndAmortization": "-3785538777.00",
            "nonOperatingIncomeNetOther": null,
            "operatingIncome": "3785538777.00",
            "otherOperatingExpenses": "28965233183.00",
            "interestExpense": "212000000.00",
            "taxProvision": "849000000.00",
            "interestIncome": "0.00",
            "netInterestIncome": null,
            "extraordinaryItems": null,
            "nonRecurring": null,
            "otherItems": null,
            "incomeTaxExpense": "871384688.00",
            "totalRevenue": "33024925829.00",
            "totalOperatingExpenses": "28965233183.00",
            "costOfRevenue": "26521848364.00",
            "totalOtherIncomeExpenseNet": "63692313.00",
            "discontinuedOperations": null,
            "netIncomeFromContinuingOps": "2977846402.00",
            "netIncomeApplicableToCommonShares": "2919692551.00",
            "preferredStockAndOtherAdjustments": null
        },
        "2017-12-31": {
            "date": "2017-12-31",
            "filing_date": "2017-11-30",
            "currency_symbol": "CNY",
            "researchDevelopment": null,
            "effectOfAccountingCharges": null,
            "incomeBeforeTax": "7315000000.00",
            "minorityInterest": "378000000.00",
            "netIncome": "6120000000.00",
            "sellingGeneralAdministrative": "461000000.00",
            "sellingAndMarketingExpenses": "1508000000.00",
            "grossProfit": "38761000000.00",
            "reconciledDepreciation": "140000000.00",
            "ebit": "9021396321.00",
            "ebitda": "9161396321.00",
            "depreciationAndAmortization": "140000000.00",
            "nonOperatingIncomeNetOther": null,
            "operatingIncome": "8071000000.00",
            "otherOperatingExpenses": "31263000000.00",
            "interestExpense": "183000000.00",
            "taxProvision": "1128000000.00",
            "interestIncome": "6294000000.00",
            "netInterestIncome": "-183000000.00",
            "extraordinaryItems": null,
            "nonRecurring": null,
            "otherItems": null,
            "incomeTaxExpense": "1128000000.00",
            "totalRevenue": "38761000000.00",
            "totalOperatingExpenses": "31263000000.00",
            "costOfRevenue": "28296000000.00",
            "totalOtherIncomeExpenseNet": "-756000000.00",
            "discontinuedOperations": null,
            "netIncomeFromContinuingOps": "6187000000.00",
            "netIncomeApplicableToCommonShares": "6120000000.00",
            "preferredStockAndOtherAdjustments": null
        },
        "2016-12-31": {
            "date": "2016-12-31",
            "filing_date": "2016-11-30",
            "currency_symbol": "CNY",
            "researchDevelopment": null,
            "effectOfAccountingCharges": null,
            "incomeBeforeTax": "4872000000.00",
            "minorityInterest": "326000000.00",
            "netIncome": "4164000000.00",
            "sellingGeneralAdministrative": "361000000.00",
            "sellingAndMarketingExpenses": "1391000000.00",
            "grossProfit": "27797000000.00",
            "reconciledDepreciation": null,
            "ebit": "5533932628.00",
            "ebitda": "5655932628.00",
            "depreciationAndAmortization": "122000000.00",
            "nonOperatingIncomeNetOther": null,
            "operatingIncome": "4709000000.00",
            "otherOperatingExpenses": "22776000000.00",
            "interestExpense": "149000000.00",
            "taxProvision": "660000000.00",
            "interestIncome": "5000000.00",
            "netInterestIncome": "-149000000.00",
            "extraordinaryItems": null,
            "nonRecurring": null,
            "otherItems": null,
            "incomeTaxExpense": "660000000.00",
            "totalRevenue": "27797000000.00",
            "totalOperatingExpenses": "22776000000.00",
            "costOfRevenue": "20956000000.00",
            "totalOtherIncomeExpenseNet": "163000000.00",
            "discontinuedOperations": null,
            "netIncomeFromContinuingOps": "4212000000.00",
            "netIncomeApplicableToCommonShares": "4164000000.00",
            "preferredStockAndOtherAdjustments": null
        },
        "2015-12-31": {
            "date": "2015-12-31",
            "filing_date": "2015-11-30",
            "currency_symbol": "CNY",
            "researchDevelopment": null,
            "effectOfAccountingCharges": null,
            "incomeBeforeTax": "3447000000.00",
            "minorityInterest": "303000000.00",
            "netIncome": "2691000000.00",
            "sellingGeneralAdministrative": "329000000.00",
            "sellingAndMarketingExpenses": "1309000000.00",
            "grossProfit": "22486000000.00",
            "reconciledDepreciation": null,
            "ebit": "2811000000.00",
            "ebitda": "3857642603.00",
            "depreciationAndAmortization": "1046642603.00",
            "nonOperatingIncomeNetOther": null,
            "operatingIncome": "2811000000.00",
            "otherOperatingExpenses": "18887000000.00",
            "interestExpense": "152000000.00",
            "taxProvision": "655000000.00",
            "interestIncome": null,
            "netInterestIncome": null,
            "extraordinaryItems": null,
            "nonRecurring": null,
            "otherItems": null,
            "incomeTaxExpense": "655000000.00",
            "totalRevenue": "22486000000.00",
            "totalOperatingExpenses": "18887000000.00",
            "costOfRevenue": "17662000000.00",
            "totalOtherIncomeExpenseNet": "636000000.00",
            "discontinuedOperations": null,
            "netIncomeFromContinuingOps": "2792000000.00",
            "netIncomeApplicableToCommonShares": "2765000000.00",
            "preferredStockAndOtherAdjustments": null
        },
        "2014-12-31": {
            "date": "2014-12-31",
            "filing_date": "2014-11-30",
            "currency_symbol": "CNY",
            "researchDevelopment": null,
            "effectOfAccountingCharges": null,
            "incomeBeforeTax": "4345000000.00",
            "minorityInterest": "18000000.00",
            "netIncome": "3450000000.00",
            "sellingGeneralAdministrative": "333000000.00",
            "sellingAndMarketingExpenses": "1303000000.00",
            "grossProfit": "25169000000.00",
            "reconciledDepreciation": null,
            "ebit": "4225000000.00",
            "ebitda": "8450000000.00",
            "depreciationAndAmortization": "4225000000.00",
            "nonOperatingIncomeNetOther": null,
            "operatingIncome": "4225000000.00",
            "otherOperatingExpenses": "20721000000.00",
            "interestExpense": "103000000.00",
            "taxProvision": null,
            "interestIncome": null,
            "netInterestIncome": null,
            "extraordinaryItems": null,
            "nonRecurring": null,
            "otherItems": null,
            "incomeTaxExpense": "877000000.00",
            "totalRevenue": "25169000000.00",
            "totalOperatingExpenses": "20721000000.00",
            "costOfRevenue": "18943000000.00",
            "totalOtherIncomeExpenseNet": "120000000.00",
            "discontinuedOperations": null,
            "netIncomeFromContinuingOps": "3468000000.00",
            "netIncomeApplicableToCommonShares": "3450000000.00",
            "preferredStockAndOtherAdjustments": null
        },
        "2013-12-31": {
            "date": "2013-12-31",
            "filing_date": "2013-11-30",
            "currency_symbol": "CNY",
            "researchDevelopment": null,
            "effectOfAccountingCharges": null,
            "incomeBeforeTax": "3541000000.00",
            "minorityInterest": "25000000.00",
            "netIncome": "2822000000.00",
            "sellingGeneralAdministrative": "359000000.00",
            "sellingAndMarketingExpenses": "1178000000.00",
            "grossProfit": "21631000000.00",
            "reconciledDepreciation": null,
            "ebit": "3516000000.00",
            "ebitda": "125000000.00",
            "depreciationAndAmortization": "-3391000000.00",
            "nonOperatingIncomeNetOther": null,
            "operatingIncome": "3391000000.00",
            "otherOperatingExpenses": "18019000000.00",
            "interestExpense": "71000000.00",
            "taxProvision": null,
            "interestIncome": null,
            "netInterestIncome": null,
            "extraordinaryItems": null,
            "nonRecurring": null,
            "otherItems": null,
            "incomeTaxExpense": "692000000.00",
            "totalRevenue": "21631000000.00",
            "totalOperatingExpenses": "18019000000.00",
            "costOfRevenue": "16417000000.00",
            "totalOtherIncomeExpenseNet": "150000000.00",
            "discontinuedOperations": null,
            "netIncomeFromContinuingOps": "2849000000.00",
            "netIncomeApplicableToCommonShares": "2822000000.00",
            "preferredStockAndOtherAdjustments": null
        },
        "2012-12-31": {
            "date": "2012-12-31",
            "filing_date": "2012-11-30",
            "currency_symbol": "CNY",
            "researchDevelopment": null,
            "effectOfAccountingCharges": null,
            "incomeBeforeTax": "3714000000.00",
            "minorityInterest": "10000000.00",
            "netIncome": "3019000000.00",
            "sellingGeneralAdministrative": "233000000.00",
            "sellingAndMarketingExpenses": "1107000000.00",
            "grossProfit": "20674000000.00",
            "reconciledDepreciation": null,
            "ebit": "3629000000.00",
            "ebitda": "-455000000.00",
            "depreciationAndAmortization": "-4084000000.00",
            "nonOperatingIncomeNetOther": null,
            "operatingIncome": "4084000000.00",
            "otherOperatingExpenses": "16941000000.00",
            "interestExpense": "19000000.00",
            "taxProvision": null,
            "interestIncome": null,
            "netInterestIncome": null,
            "extraordinaryItems": null,
            "nonRecurring": null,
            "otherItems": null,
            "incomeTaxExpense": "685000000.00",
            "totalRevenue": "20674000000.00",
            "totalOperatingExpenses": "16941000000.00",
            "costOfRevenue": null,
            "totalOtherIncomeExpenseNet": "-370000000.00",
            "discontinuedOperations": null,
            "netIncomeFromContinuingOps": null,
            "netIncomeApplicableToCommonShares": "3019000000.00",
            "preferredStockAndOtherAdjustments": null
        },
        "2011-12-31": {
            "date": "2011-12-31",
            "filing_date": "2011-11-30",
            "currency_symbol": "CNY",
            "researchDevelopment": null,
            "effectOfAccountingCharges": null,
            "incomeBeforeTax": "2168000000.00",
            "minorityInterest": "8000000.00",
            "netIncome": "1600000000.00",
            "sellingGeneralAdministrative": "1478000000.00",
            "sellingAndMarketingExpenses": null,
            "grossProfit": "14388000000.00",
            "reconciledDepreciation": null,
            "ebit": "2168000000.00",
            "ebitda": "2046000000.00",
            "depreciationAndAmortization": null,
            "nonOperatingIncomeNetOther": null,
            "operatingIncome": "2046000000.00",
            "otherOperatingExpenses": "12220000000.00",
            "interestExpense": "12000000.00",
            "taxProvision": null,
            "interestIncome": null,
            "netInterestIncome": null,
            "extraordinaryItems": null,
            "nonRecurring": null,
            "otherItems": null,
            "incomeTaxExpense": "560000000.00",
            "totalRevenue": "14388000000.00",
            "totalOperatingExpenses": "-495000000.00",
            "costOfRevenue": null,
            "totalOtherIncomeExpenseNet": "12000000.00",
            "discontinuedOperations": null,
            "netIncomeFromContinuingOps": null,
            "netIncomeApplicableToCommonShares": "1600000000.00",
            "preferredStockAndOtherAdjustments": null
        },
        "2010-12-31": {
            "date": "2010-12-31",
            "filing_date": "2010-11-30",
            "currency_symbol": "CNY",
            "researchDevelopment": null,
            "effectOfAccountingCharges": null,
            "incomeBeforeTax": "3549000000.00",
            "minorityInterest": "9000000.00",
            "netIncome": "2701000000.00",
            "sellingGeneralAdministrative": "144000000.00",
            "sellingAndMarketingExpenses": null,
            "grossProfit": "18394000000.00",
            "reconciledDepreciation": null,
            "ebit": "3776000000.00",
            "ebitda": "3858000000.00",
            "depreciationAndAmortization": "82000000.00",
            "nonOperatingIncomeNetOther": null,
            "operatingIncome": "3776000000.00",
            "otherOperatingExpenses": "14845000000.00",
            "interestExpense": "5000000.00",
            "taxProvision": null,
            "interestIncome": null,
            "netInterestIncome": null,
            "extraordinaryItems": null,
            "nonRecurring": null,
            "otherItems": null,
            "incomeTaxExpense": "839000000.00",
            "totalRevenue": "18394000000.00",
            "totalOperatingExpenses": "-14618000000.00",
            "costOfRevenue": null,
            "totalOtherIncomeExpenseNet": "3549000000.00",
            "discontinuedOperations": null,
            "netIncomeFromContinuingOps": null,
            "netIncomeApplicableToCommonShares": "2701000000.00",
            "preferredStockAndOtherAdjustments": null
        },
        "2009-12-31": {
            "date": "2009-12-31",
            "filing_date": "2009-11-30",
            "currency_symbol": "CNY",
            "researchDevelopment": null,
            "effectOfAccountingCharges": null,
            "incomeBeforeTax": "2411000000.00",
            "minorityInterest": "3000000.00",
            "netIncome": "1754000000.00",
            "sellingGeneralAdministrative": "165000000.00",
            "sellingAndMarketingExpenses": null,
            "grossProfit": "19016000000.00",
            "reconciledDepreciation": null,
            "ebit": "2696000000.00",
            "ebitda": "2764000000.00",
            "depreciationAndAmortization": "68000000.00",
            "nonOperatingIncomeNetOther": null,
            "operatingIncome": "2696000000.00",
            "otherOperatingExpenses": "16605000000.00",
            "interestExpense": "5000000.00",
            "taxProvision": null,
            "interestIncome": null,
            "netInterestIncome": null,
            "extraordinaryItems": null,
            "nonRecurring": null,
            "otherItems": null,
            "incomeTaxExpense": "654000000.00",
            "totalRevenue": "19016000000.00",
            "totalOperatingExpenses": "171000000.00",
            "costOfRevenue": null,
            "totalOtherIncomeExpenseNet": "-21000000.00",
            "discontinuedOperations": null,
            "netIncomeFromContinuingOps": null,
            "netIncomeApplicableToCommonShares": "1754000000.00",
            "preferredStockAndOtherAdjustments": null
        },
        "2008-12-31": {
            "date": "2008-12-31",
            "filing_date": "2008-11-30",
            "currency_symbol": "CNY",
            "researchDevelopment": null,
            "effectOfAccountingCharges": null,
            "incomeBeforeTax": null,
            "minorityInterest": "5000000.00",
            "netIncome": "408000000.00",
            "sellingGeneralAdministrative": null,
            "sellingAndMarketingExpenses": null,
            "grossProfit": null,
            "reconciledDepreciation": null,
            "ebit": null,
            "ebitda": null,
            "depreciationAndAmortization": null,
            "nonOperatingIncomeNetOther": null,
            "operatingIncome": null,
            "otherOperatingExpenses": null,
            "interestExpense": "0.00",
            "taxProvision": null,
            "interestIncome": null,
            "netInterestIncome": null,
            "extraordinaryItems": null,
            "nonRecurring": null,
            "otherItems": null,
            "incomeTaxExpense": null,
            "totalRevenue": "3209000000.00",
            "totalOperatingExpenses": null,
            "costOfRevenue": null,
            "totalOtherIncomeExpenseNet": null,
            "discontinuedOperations": null,
            "netIncomeFromContinuingOps": null,
            "netIncomeApplicableToCommonShares": "408000000.00",
            "preferredStockAndOtherAdjustments": null
        },
        "2007-12-31": {
            "date": "2007-12-31",
            "filing_date": "2007-11-30",
            "currency_symbol": "CNY",
            "researchDevelopment": null,
            "effectOfAccountingCharges": null,
            "incomeBeforeTax": "2579000000.00",
            "minorityInterest": "14000000.00",
            "netIncome": "1914000000.00",
            "sellingGeneralAdministrative": null,
            "sellingAndMarketingExpenses": null,
            "grossProfit": null,
            "reconciledDepreciation": null,
            "ebit": null,
            "ebitda": null,
            "depreciationAndAmortization": null,
            "nonOperatingIncomeNetOther": null,
            "operatingIncome": "2784000000.00",
            "otherOperatingExpenses": null,
            "interestExpense": "0.00",
            "taxProvision": null,
            "interestIncome": null,
            "netInterestIncome": null,
            "extraordinaryItems": null,
            "nonRecurring": null,
            "otherItems": null,
            "incomeTaxExpense": "651000000.00",
            "totalRevenue": "15318000000.00",
            "totalOperatingExpenses": null,
            "costOfRevenue": null,
            "totalOtherIncomeExpenseNet": null,
            "discontinuedOperations": null,
            "netIncomeFromContinuingOps": null,
            "netIncomeApplicableToCommonShares": "1914000000.00",
            "preferredStockAndOtherAdjustments": null
        }
    }
}