{
    "currency_symbol": "CAD",
    "quarterly": {
        "2025-07-31": {
            "date": "2025-07-31",
            "filing_date": null,
            "currency_symbol": "CAD",
            "researchDevelopment": null,
            "effectOfAccountingCharges": null,
            "incomeBeforeTax": "6872000000.00",
            "minorityInterest": "1000000.00",
            "netIncome": "5415000000.00",
            "sellingGeneralAdministrative": "5869000000.00",
            "sellingAndMarketingExpenses": null,
            "grossProfit": null,
            "reconciledDepreciation": "768000000.00",
            "ebit": null,
            "ebitda": null,
            "depreciationAndAmortization": null,
            "nonOperatingIncomeNetOther": null,
            "operatingIncome": null,
            "otherOperatingExpenses": null,
            "interestExpense": "17759000000.00",
            "taxProvision": "1458000000.00",
            "interestIncome": "26110000000.00",
            "netInterestIncome": "8351000000.00",
            "extraordinaryItems": null,
            "nonRecurring": null,
            "otherItems": null,
            "incomeTaxExpense": null,
            "totalRevenue": "16960000000.00",
            "totalOperatingExpenses": null,
            "costOfRevenue": null,
            "totalOtherIncomeExpenseNet": null,
            "discontinuedOperations": null,
            "netIncomeFromContinuingOps": "5414000000.00",
            "netIncomeApplicableToCommonShares": null,
            "preferredStockAndOtherAdjustments": null
        },
        "2025-04-30": {
            "date": "2025-04-30",
            "filing_date": null,
            "currency_symbol": "CAD",
            "researchDevelopment": null,
            "effectOfAccountingCharges": null,
            "incomeBeforeTax": "5518000000.00",
            "minorityInterest": "-4000000.00",
            "netIncome": "4386000000.00",
            "sellingGeneralAdministrative": "5478000000.00",
            "sellingAndMarketingExpenses": null,
            "grossProfit": null,
            "reconciledDepreciation": "780000000.00",
            "ebit": null,
            "ebitda": null,
            "depreciationAndAmortization": null,
            "nonOperatingIncomeNetOther": null,
            "operatingIncome": null,
            "otherOperatingExpenses": null,
            "interestExpense": "16914000000.00",
            "taxProvision": "1128000000.00",
            "interestIncome": "24970000000.00",
            "netInterestIncome": "8056000000.00",
            "extraordinaryItems": null,
            "nonRecurring": null,
            "otherItems": null,
            "incomeTaxExpense": null,
            "totalRevenue": "15656000000.00",
            "totalOperatingExpenses": null,
            "costOfRevenue": null,
            "totalOtherIncomeExpenseNet": null,
            "discontinuedOperations": null,
            "netIncomeFromContinuingOps": "4390000000.00",
            "netIncomeApplicableToCommonShares": "4274000000.00",
            "preferredStockAndOtherAdjustments": null
        },
        "2025-01-31": {
            "date": "2025-01-31",
            "filing_date": null,
            "currency_symbol": "CAD",
            "researchDevelopment": null,
            "effectOfAccountingCharges": null,
            "incomeBeforeTax": "6433000000.00",
            "minorityInterest": "-2000000.00",
            "netIncome": "5129000000.00",
            "sellingGeneralAdministrative": "5987000000.00",
            "sellingAndMarketingExpenses": null,
            "grossProfit": null,
            "reconciledDepreciation": "774000000.00",
            "ebit": null,
            "ebitda": null,
            "depreciationAndAmortization": null,
            "nonOperatingIncomeNetOther": null,
            "operatingIncome": null,
            "otherOperatingExpenses": null,
            "interestExpense": "18507000000.00",
            "taxProvision": "1302000000.00",
            "interestIncome": "26455000000.00",
            "netInterestIncome": "7948000000.00",
            "extraordinaryItems": null,
            "nonRecurring": null,
            "otherItems": null,
            "incomeTaxExpense": null,
            "totalRevenue": "16720000000.00",
            "totalOperatingExpenses": null,
            "costOfRevenue": null,
            "totalOtherIncomeExpenseNet": null,
            "discontinuedOperations": null,
            "netIncomeFromContinuingOps": "5131000000.00",
            "netIncomeApplicableToCommonShares": "5011000000.00",
            "preferredStockAndOtherAdjustments": null
        },
        "2024-10-31": {
            "date": "2024-10-31",
            "filing_date": null,
            "currency_symbol": "CAD",
            "researchDevelopment": null,
            "effectOfAccountingCharges": null,
            "incomeBeforeTax": "5215000000.00",
            "minorityInterest": "-3000000.00",
            "netIncome": "4219000000.00",
            "sellingGeneralAdministrative": "5423000000.00",
            "sellingAndMarketingExpenses": null,
            "grossProfit": null,
            "reconciledDepreciation": "821000000.00",
            "ebit": null,
            "ebitda": null,
            "depreciationAndAmortization": null,
            "nonOperatingIncomeNetOther": null,
            "operatingIncome": null,
            "otherOperatingExpenses": null,
            "interestExpense": "18827000000.00",
            "taxProvision": "993000000.00",
            "interestIncome": "26498000000.00",
            "netInterestIncome": "7671000000.00",
            "extraordinaryItems": null,
            "nonRecurring": null,
            "otherItems": null,
            "incomeTaxExpense": null,
            "totalRevenue": "15063000000.00",
            "totalOperatingExpenses": null,
            "costOfRevenue": null,
            "totalOtherIncomeExpenseNet": null,
            "discontinuedOperations": null,
            "netIncomeFromContinuingOps": "4222000000.00",
            "netIncomeApplicableToCommonShares": "4128000000.00",
            "preferredStockAndOtherAdjustments": null
        },
        "2024-07-31": {
            "date": "2024-07-31",
            "filing_date": "2024-07-31",
            "currency_symbol": "CAD",
            "researchDevelopment": null,
            "effectOfAccountingCharges": null,
            "incomeBeforeTax": "5373000000.00",
            "minorityInterest": "-3000000.00",
            "netIncome": "4483000000.00",
            "sellingGeneralAdministrative": "889000000.00",
            "sellingAndMarketingExpenses": "6478000000.00",
            "grossProfit": "34159000000.00",
            "reconciledDepreciation": "763000000.00",
            "ebit": "5426000000.00",
            "ebitda": "6189000000.00",
            "depreciationAndAmortization": "763000000.00",
            "nonOperatingIncomeNetOther": null,
            "operatingIncome": "6605000000.00",
            "otherOperatingExpenses": "7367000000.00",
            "interestExpense": "19763000000.00",
            "taxProvision": "887000000.00",
            "interestIncome": "27090000000.00",
            "netInterestIncome": "7327000000.00",
            "extraordinaryItems": null,
            "nonRecurring": null,
            "otherItems": null,
            "incomeTaxExpense": "887000000.00",
            "totalRevenue": "13972000000.00",
            "totalOperatingExpenses": "7367000000.00",
            "costOfRevenue": "-20187000000.00",
            "totalOtherIncomeExpenseNet": "-1232000000.00",
            "discontinuedOperations": null,
            "netIncomeFromContinuingOps": "4486000000.00",
            "netIncomeApplicableToCommonShares": null,
            "preferredStockAndOtherAdjustments": null
        },
        "2024-04-30": {
            "date": "2024-04-30",
            "filing_date": "2024-04-30",
            "currency_symbol": "CAD",
            "researchDevelopment": null,
            "effectOfAccountingCharges": null,
            "incomeBeforeTax": "4908000000.00",
            "minorityInterest": "-2000000.00",
            "netIncome": "3948000000.00",
            "sellingGeneralAdministrative": "5091000000.00",
            "sellingAndMarketingExpenses": null,
            "grossProfit": "32980000000.00",
            "reconciledDepreciation": "723000000.00",
            "ebit": "16000000.00",
            "ebitda": "727000000.00",
            "depreciationAndAmortization": "711000000.00",
            "nonOperatingIncomeNetOther": null,
            "operatingIncome": "16000000.00",
            "otherOperatingExpenses": "28359000000.00",
            "interestExpense": "19131000000.00",
            "taxProvision": "976000000.00",
            "interestIncome": "25754000000.00",
            "netInterestIncome": "6623000000.00",
            "extraordinaryItems": null,
            "nonRecurring": null,
            "otherItems": null,
            "incomeTaxExpense": "976000000.00",
            "totalRevenue": "32980000000.00",
            "totalOperatingExpenses": "1823000000.00",
            "costOfRevenue": null,
            "totalOtherIncomeExpenseNet": "-1124000000.00",
            "discontinuedOperations": null,
            "netIncomeFromContinuingOps": "3950000000.00",
            "netIncomeApplicableToCommonShares": null,
            "preferredStockAndOtherAdjustments": null
        },
        "2024-01-31": {
            "date": "2024-01-31",
            "filing_date": "2024-01-31",
            "currency_symbol": "CAD",
            "researchDevelopment": null,
            "effectOfAccountingCharges": null,
            "incomeBeforeTax": "4336000000.00",
            "minorityInterest": "-2000000.00",
            "netIncome": "3580000000.00",
            "sellingGeneralAdministrative": "5163000000.00",
            "sellingAndMarketingExpenses": null,
            "grossProfit": "32488000000.00",
            "reconciledDepreciation": "674000000.00",
            "ebit": "10000000.00",
            "ebitda": "682000000.00",
            "depreciationAndAmortization": "672000000.00",
            "nonOperatingIncomeNetOther": null,
            "operatingIncome": "10000000.00",
            "otherOperatingExpenses": "28414000000.00",
            "interestExpense": "186000000.00",
            "taxProvision": "766000000.00",
            "interestIncome": "25609000000.00",
            "netInterestIncome": "6332000000.00",
            "extraordinaryItems": null,
            "nonRecurring": null,
            "otherItems": null,
            "incomeTaxExpense": "766000000.00",
            "totalRevenue": "32488000000.00",
            "totalOperatingExpenses": "1815000000.00",
            "costOfRevenue": null,
            "totalOtherIncomeExpenseNet": "-1202000000.00",
            "discontinuedOperations": null,
            "netIncomeFromContinuingOps": "3582000000.00",
            "netIncomeApplicableToCommonShares": null,
            "preferredStockAndOtherAdjustments": null
        },
        "2023-10-31": {
            "date": "2023-10-31",
            "filing_date": "2023-10-31",
            "currency_symbol": "CAD",
            "researchDevelopment": null,
            "effectOfAccountingCharges": null,
            "incomeBeforeTax": "4071000000.00",
            "minorityInterest": "-2000000.00",
            "netIncome": "4129000000.00",
            "sellingGeneralAdministrative": "4793000000.00",
            "sellingAndMarketingExpenses": null,
            "grossProfit": "13249000000.00",
            "reconciledDepreciation": "763000000.00",
            "ebit": "4294000000.00",
            "ebitda": "5310000000.00",
            "depreciationAndAmortization": "1016000000.00",
            "nonOperatingIncomeNetOther": null,
            "operatingIncome": "4069000000.00",
            "otherOperatingExpenses": "9180000000.00",
            "interestExpense": "17960000000.00",
            "taxProvision": "-60000000.00",
            "interestIncome": "24502000000.00",
            "netInterestIncome": "6542000000.00",
            "extraordinaryItems": null,
            "nonRecurring": null,
            "otherItems": null,
            "incomeTaxExpense": "-60000000.00",
            "totalRevenue": "13249000000.00",
            "totalOperatingExpenses": "-9180000000.00",
            "costOfRevenue": null,
            "totalOtherIncomeExpenseNet": "-1464000000.00",
            "discontinuedOperations": null,
            "netIncomeFromContinuingOps": "4131000000.00",
            "netIncomeApplicableToCommonShares": null,
            "preferredStockAndOtherAdjustments": null
        },
        "2023-07-31": {
            "date": "2023-07-31",
            "filing_date": "2023-07-31",
            "currency_symbol": "CAD",
            "researchDevelopment": null,
            "effectOfAccountingCharges": null,
            "incomeBeforeTax": "4633000000.00",
            "minorityInterest": "-2000000.00",
            "netIncome": "3858000000.00",
            "sellingGeneralAdministrative": "6173000000.00",
            "sellingAndMarketingExpenses": null,
            "grossProfit": "14434000000.00",
            "reconciledDepreciation": "707000000.00",
            "ebit": "4670000000.00",
            "ebitda": "5363000000.00",
            "depreciationAndAmortization": "693000000.00",
            "nonOperatingIncomeNetOther": null,
            "operatingIncome": "4631000000.00",
            "otherOperatingExpenses": "9803000000.00",
            "interestExpense": "16548000000.00",
            "taxProvision": "761000000.00",
            "interestIncome": "22834000000.00",
            "netInterestIncome": "6286000000.00",
            "extraordinaryItems": null,
            "nonRecurring": null,
            "otherItems": null,
            "incomeTaxExpense": "761000000.00",
            "totalRevenue": "14434000000.00",
            "totalOperatingExpenses": "-9803000000.00",
            "costOfRevenue": null,
            "totalOtherIncomeExpenseNet": "-995000000.00",
            "discontinuedOperations": null,
            "netIncomeFromContinuingOps": "3872000000.00",
            "netIncomeApplicableToCommonShares": "3812000000.00",
            "preferredStockAndOtherAdjustments": null
        },
        "2023-04-30": {
            "date": "2023-04-30",
            "filing_date": "2023-04-30",
            "currency_symbol": "CAD",
            "researchDevelopment": null,
            "effectOfAccountingCharges": null,
            "incomeBeforeTax": "4420000000.00",
            "minorityInterest": "-1000000.00",
            "netIncome": "3648000000.00",
            "sellingGeneralAdministrative": "5606000000.00",
            "sellingAndMarketingExpenses": null,
            "grossProfit": "13508000000.00",
            "reconciledDepreciation": "706000000.00",
            "ebit": "18650000000.00",
            "ebitda": "19344000000.00",
            "depreciationAndAmortization": "694000000.00",
            "nonOperatingIncomeNetOther": null,
            "operatingIncome": "18638000000.00",
            "otherOperatingExpenses": "5130000000.00",
            "interestExpense": "14219000000.00",
            "taxProvision": "771000000.00",
            "interestIncome": "20318000000.00",
            "netInterestIncome": "6099000000.00",
            "extraordinaryItems": null,
            "nonRecurring": null,
            "otherItems": null,
            "incomeTaxExpense": "771000000.00",
            "totalRevenue": "13508000000.00",
            "totalOperatingExpenses": "5130000000.00",
            "costOfRevenue": null,
            "totalOtherIncomeExpenseNet": "322000000.00",
            "discontinuedOperations": null,
            "netIncomeFromContinuingOps": "3649000000.00",
            "netIncomeApplicableToCommonShares": "3581000000.00",
            "preferredStockAndOtherAdjustments": null
        },
        "2023-01-31": {
            "date": "2023-01-31",
            "filing_date": "2023-01-31",
            "currency_symbol": "CAD",
            "researchDevelopment": null,
            "effectOfAccountingCharges": null,
            "incomeBeforeTax": "5342000000.00",
            "minorityInterest": "-2000000.00",
            "netIncome": "3131000000.00",
            "sellingGeneralAdministrative": "6421000000.00",
            "sellingAndMarketingExpenses": null,
            "grossProfit": "15065000000.00",
            "reconciledDepreciation": "694000000.00",
            "ebit": "18486000000.00",
            "ebitda": "19169000000.00",
            "depreciationAndAmortization": "683000000.00",
            "nonOperatingIncomeNetOther": null,
            "operatingIncome": "18475000000.00",
            "otherOperatingExpenses": "3410000000.00",
            "interestExpense": "13135000000.00",
            "taxProvision": "2128000000.00",
            "interestIncome": "19337000000.00",
            "netInterestIncome": "6202000000.00",
            "extraordinaryItems": null,
            "nonRecurring": null,
            "otherItems": null,
            "incomeTaxExpense": "2128000000.00",
            "totalRevenue": "15065000000.00",
            "totalOperatingExpenses": "3410000000.00",
            "costOfRevenue": null,
            "totalOtherIncomeExpenseNet": "433000000.00",
            "discontinuedOperations": null,
            "netIncomeFromContinuingOps": "3214000000.00",
            "netIncomeApplicableToCommonShares": "3168000000.00",
            "preferredStockAndOtherAdjustments": null
        },
        "2022-10-31": {
            "date": "2022-10-31",
            "filing_date": "2022-10-31",
            "currency_symbol": "CAD",
            "researchDevelopment": null,
            "effectOfAccountingCharges": null,
            "incomeBeforeTax": "4861000000.00",
            "minorityInterest": "-6000000.00",
            "netIncome": "3876000000.00",
            "sellingGeneralAdministrative": "4499000000.00",
            "sellingAndMarketingExpenses": null,
            "grossProfit": "12543000000.00",
            "reconciledDepreciation": "689000000.00",
            "ebit": "13806000000.00",
            "ebitda": "14160000000.00",
            "depreciationAndAmortization": "354000000.00",
            "nonOperatingIncomeNetOther": null,
            "operatingIncome": "13471000000.00",
            "otherOperatingExpenses": "928000000.00",
            "interestExpense": "8616000000.00",
            "taxProvision": "979000000.00",
            "interestIncome": "14898000000.00",
            "netInterestIncome": "6282000000.00",
            "extraordinaryItems": null,
            "nonRecurring": null,
            "otherItems": null,
            "incomeTaxExpense": "979000000.00",
            "totalRevenue": "12543000000.00",
            "totalOperatingExpenses": "928000000.00",
            "costOfRevenue": null,
            "totalOtherIncomeExpenseNet": "290000000.00",
            "discontinuedOperations": null,
            "netIncomeFromContinuingOps": "3882000000.00",
            "netIncomeApplicableToCommonShares": "3809000000.00",
            "preferredStockAndOtherAdjustments": null
        },
        "2022-07-31": {
            "date": "2022-07-31",
            "filing_date": "2022-07-31",
            "currency_symbol": "CAD",
            "researchDevelopment": null,
            "effectOfAccountingCharges": null,
            "incomeBeforeTax": "4556000000.00",
            "minorityInterest": "-2000000.00",
            "netIncome": "3575000000.00",
            "sellingGeneralAdministrative": "4708000000.00",
            "sellingAndMarketingExpenses": null,
            "grossProfit": "12088000000.00",
            "reconciledDepreciation": "657000000.00",
            "ebit": "4524000000.00",
            "ebitda": "5180000000.00",
            "depreciationAndAmortization": "656000000.00",
            "nonOperatingIncomeNetOther": null,
            "operatingIncome": "9401000000.00",
            "otherOperatingExpenses": "8551000000.00",
            "interestExpense": "4847000000.00",
            "taxProvision": "979000000.00",
            "interestIncome": "10737000000.00",
            "netInterestIncome": "5890000000.00",
            "extraordinaryItems": null,
            "nonRecurring": null,
            "otherItems": null,
            "incomeTaxExpense": "979000000.00",
            "totalRevenue": "12088000000.00",
            "totalOperatingExpenses": "8551000000.00",
            "costOfRevenue": null,
            "totalOtherIncomeExpenseNet": "283000000.00",
            "discontinuedOperations": null,
            "netIncomeFromContinuingOps": "3577000000.00",
            "netIncomeApplicableToCommonShares": "3517000000.00",
            "preferredStockAndOtherAdjustments": null
        },
        "2022-04-30": {
            "date": "2022-04-30",
            "filing_date": "2022-04-30",
            "currency_symbol": "CAD",
            "researchDevelopment": null,
            "effectOfAccountingCharges": null,
            "incomeBeforeTax": "5308000000.00",
            "minorityInterest": "-3000000.00",
            "netIncome": "4250000000.00",
            "sellingGeneralAdministrative": "3822000000.00",
            "sellingAndMarketingExpenses": null,
            "grossProfit": "11107000000.00",
            "reconciledDepreciation": "654000000.00",
            "ebit": "5284000000.00",
            "ebitda": "5934000000.00",
            "depreciationAndAmortization": "650000000.00",
            "nonOperatingIncomeNetOther": null,
            "operatingIncome": "7789000000.00",
            "otherOperatingExpenses": "3318000000.00",
            "interestExpense": "2484000000.00",
            "taxProvision": "1055000000.00",
            "interestIncome": "7758000000.00",
            "netInterestIncome": "5274000000.00",
            "extraordinaryItems": null,
            "nonRecurring": null,
            "otherItems": null,
            "incomeTaxExpense": "1055000000.00",
            "totalRevenue": "11107000000.00",
            "totalOperatingExpenses": "-3318000000.00",
            "costOfRevenue": null,
            "totalOtherIncomeExpenseNet": "-748000000.00",
            "discontinuedOperations": null,
            "netIncomeFromContinuingOps": "4253000000.00",
            "netIncomeApplicableToCommonShares": "4182000000.00",
            "preferredStockAndOtherAdjustments": null
        },
        "2022-01-31": {
            "date": "2022-01-31",
            "filing_date": "2022-01-31",
            "currency_symbol": "CAD",
            "researchDevelopment": null,
            "effectOfAccountingCharges": null,
            "incomeBeforeTax": "5384000000.00",
            "minorityInterest": "-2000000.00",
            "netIncome": "4093000000.00",
            "sellingGeneralAdministrative": "5282000000.00",
            "sellingAndMarketingExpenses": null,
            "grossProfit": "12040000000.00",
            "reconciledDepreciation": "652000000.00",
            "ebit": "5355000000.00",
            "ebitda": "6005000000.00",
            "depreciationAndAmortization": "650000000.00",
            "nonOperatingIncomeNetOther": null,
            "operatingIncome": "7489000000.00",
            "otherOperatingExpenses": "3554000000.00",
            "interestExpense": "2107000000.00",
            "taxProvision": "1289000000.00",
            "interestIncome": "7378000000.00",
            "netInterestIncome": "5271000000.00",
            "extraordinaryItems": null,
            "nonRecurring": null,
            "otherItems": null,
            "incomeTaxExpense": "1289000000.00",
            "totalRevenue": "13037000000.00",
            "totalOperatingExpenses": "-4551000000.00",
            "costOfRevenue": "997000000.00",
            "totalOtherIncomeExpenseNet": "-1858000000.00",
            "discontinuedOperations": null,
            "netIncomeFromContinuingOps": "4095000000.00",
            "netIncomeApplicableToCommonShares": "4039000000.00",
            "preferredStockAndOtherAdjustments": null
        },
        "2021-10-31": {
            "date": "2021-10-31",
            "filing_date": "2021-10-31",
            "currency_symbol": "CAD",
            "researchDevelopment": null,
            "effectOfAccountingCharges": null,
            "incomeBeforeTax": "4988000000.00",
            "minorityInterest": "-5000000.00",
            "netIncome": "3887000000.00",
            "sellingGeneralAdministrative": "5020000000.00",
            "sellingAndMarketingExpenses": null,
            "grossProfit": "11310000000.00",
            "reconciledDepreciation": "665000000.00",
            "ebit": "4954000000.00",
            "ebitda": "5605000000.00",
            "depreciationAndAmortization": "651000000.00",
            "nonOperatingIncomeNetOther": null,
            "operatingIncome": "6936000000.00",
            "otherOperatingExpenses": "3342000000.00",
            "interestExpense": "1953000000.00",
            "taxProvision": "1096000000.00",
            "interestIncome": "7014000000.00",
            "netInterestIncome": "5061000000.00",
            "extraordinaryItems": null,
            "nonRecurring": null,
            "otherItems": null,
            "incomeTaxExpense": "1096000000.00",
            "totalRevenue": "12342000000.00",
            "totalOperatingExpenses": "-4374000000.00",
            "costOfRevenue": "1032000000.00",
            "totalOtherIncomeExpenseNet": "-2024000000.00",
            "discontinuedOperations": null,
            "netIncomeFromContinuingOps": "3892000000.00",
            "netIncomeApplicableToCommonShares": "3819000000.00",
            "preferredStockAndOtherAdjustments": null
        },
        "2021-07-31": {
            "date": "2021-07-31",
            "filing_date": "2021-07-31",
            "currency_symbol": "CAD",
            "researchDevelopment": null,
            "effectOfAccountingCharges": null,
            "incomeBeforeTax": "5572000000.00",
            "minorityInterest": "91000000.00",
            "netIncome": "4292000000.00",
            "sellingGeneralAdministrative": "5415000000.00",
            "sellingAndMarketingExpenses": null,
            "grossProfit": "11405000000.00",
            "reconciledDepreciation": "656000000.00",
            "ebit": "5525000000.00",
            "ebitda": "6168000000.00",
            "depreciationAndAmortization": "643000000.00",
            "nonOperatingIncomeNetOther": null,
            "operatingIncome": "7513000000.00",
            "otherOperatingExpenses": "2588000000.00",
            "interestExpense": "1945000000.00",
            "taxProvision": "1276000000.00",
            "interestIncome": "6997000000.00",
            "netInterestIncome": "5052000000.00",
            "extraordinaryItems": null,
            "nonRecurring": null,
            "otherItems": null,
            "incomeTaxExpense": "1276000000.00",
            "totalRevenue": "12709000000.00",
            "totalOperatingExpenses": "-3892000000.00",
            "costOfRevenue": "1304000000.00",
            "totalOtherIncomeExpenseNet": "-2178000000.00",
            "discontinuedOperations": null,
            "netIncomeFromContinuingOps": "4296000000.00",
            "netIncomeApplicableToCommonShares": "4237000000.00",
            "preferredStockAndOtherAdjustments": null
        },
        "2021-04-30": {
            "date": "2021-04-30",
            "filing_date": "2021-04-30",
            "currency_symbol": "CAD",
            "researchDevelopment": null,
            "effectOfAccountingCharges": null,
            "incomeBeforeTax": "5186000000.00",
            "minorityInterest": "87000000.00",
            "netIncome": "4014000000.00",
            "sellingGeneralAdministrative": "4301000000.00",
            "sellingAndMarketingExpenses": null,
            "grossProfit": "11419000000.00",
            "reconciledDepreciation": "637000000.00",
            "ebit": "5162000000.00",
            "ebitda": "5798000000.00",
            "depreciationAndAmortization": "636000000.00",
            "nonOperatingIncomeNetOther": null,
            "operatingIncome": "7229000000.00",
            "otherOperatingExpenses": "4041000000.00",
            "interestExpense": "2044000000.00",
            "taxProvision": "1171000000.00",
            "interestIncome": "6898000000.00",
            "netInterestIncome": "4854000000.00",
            "extraordinaryItems": null,
            "nonRecurring": null,
            "otherItems": null,
            "incomeTaxExpense": "1171000000.00",
            "totalRevenue": "11568000000.00",
            "totalOperatingExpenses": "-4190000000.00",
            "costOfRevenue": "149000000.00",
            "totalOtherIncomeExpenseNet": "-963000000.00",
            "discontinuedOperations": null,
            "netIncomeFromContinuingOps": "4015000000.00",
            "netIncomeApplicableToCommonShares": "3938000000.00",
            "preferredStockAndOtherAdjustments": null
        },
        "2021-01-31": {
            "date": "2021-01-31",
            "filing_date": "2021-01-31",
            "currency_symbol": "CAD",
            "researchDevelopment": null,
            "effectOfAccountingCharges": null,
            "incomeBeforeTax": "4885000000.00",
            "minorityInterest": "100000000.00",
            "netIncome": "3845000000.00",
            "sellingGeneralAdministrative": "5694000000.00",
            "sellingAndMarketingExpenses": null,
            "grossProfit": "11512000000.00",
            "reconciledDepreciation": "634000000.00",
            "ebit": "4859000000.00",
            "ebitda": "5493000000.00",
            "depreciationAndAmortization": "634000000.00",
            "nonOperatingIncomeNetOther": null,
            "operatingIncome": "7084000000.00",
            "otherOperatingExpenses": "3022000000.00",
            "interestExpense": "2201000000.00",
            "taxProvision": "1038000000.00",
            "interestIncome": "7236000000.00",
            "netInterestIncome": "5035000000.00",
            "extraordinaryItems": null,
            "nonRecurring": null,
            "otherItems": null,
            "incomeTaxExpense": "1038000000.00",
            "totalRevenue": "12918000000.00",
            "totalOperatingExpenses": "-4428000000.00",
            "costOfRevenue": "1406000000.00",
            "totalOtherIncomeExpenseNet": "-2259000000.00",
            "discontinuedOperations": null,
            "netIncomeFromContinuingOps": "3847000000.00",
            "netIncomeApplicableToCommonShares": "3787000000.00",
            "preferredStockAndOtherAdjustments": null
        },
        "2020-10-31": {
            "date": "2020-10-31",
            "filing_date": "2020-10-31",
            "currency_symbol": "CAD",
            "researchDevelopment": null,
            "effectOfAccountingCharges": null,
            "incomeBeforeTax": "4146000000.00",
            "minorityInterest": "103000000.00",
            "netIncome": "3247000000.00",
            "sellingGeneralAdministrative": "4048000000.00",
            "sellingAndMarketingExpenses": null,
            "grossProfit": "10611000000.00",
            "reconciledDepreciation": "710000000.00",
            "ebit": "4474000000.00",
            "ebitda": "4804000000.00",
            "depreciationAndAmortization": "330000000.00",
            "nonOperatingIncomeNetOther": null,
            "operatingIncome": "6600000000.00",
            "otherOperatingExpenses": "3550000000.00",
            "interestExpense": "2453000000.00",
            "taxProvision": "900000000.00",
            "interestIncome": "7463000000.00",
            "netInterestIncome": "5010000000.00",
            "extraordinaryItems": null,
            "nonRecurring": null,
            "otherItems": null,
            "incomeTaxExpense": "900000000.00",
            "totalRevenue": "11072000000.00",
            "totalOperatingExpenses": "-4011000000.00",
            "costOfRevenue": "461000000.00",
            "totalOtherIncomeExpenseNet": "-1354000000.00",
            "discontinuedOperations": null,
            "netIncomeFromContinuingOps": "3246000000.00",
            "netIncomeApplicableToCommonShares": "3173000000.00",
            "preferredStockAndOtherAdjustments": null
        },
        "2020-07-31": {
            "date": "2020-07-31",
            "filing_date": "2020-07-31",
            "currency_symbol": "CAD",
            "researchDevelopment": null,
            "effectOfAccountingCharges": null,
            "incomeBeforeTax": "4080000000.00",
            "minorityInterest": "106000000.00",
            "netIncome": "3197000000.00",
            "sellingGeneralAdministrative": "5817000000.00",
            "sellingAndMarketingExpenses": null,
            "grossProfit": "11115000000.00",
            "reconciledDepreciation": "652000000.00",
            "ebit": "4059000000.00",
            "ebitda": "4711000000.00",
            "depreciationAndAmortization": "652000000.00",
            "nonOperatingIncomeNetOther": null,
            "operatingIncome": "6893000000.00",
            "otherOperatingExpenses": "2437000000.00",
            "interestExpense": "2817000000.00",
            "taxProvision": "879000000.00",
            "interestIncome": "7956000000.00",
            "netInterestIncome": "5139000000.00",
            "extraordinaryItems": null,
            "nonRecurring": null,
            "otherItems": null,
            "incomeTaxExpense": "879000000.00",
            "totalRevenue": "12900000000.00",
            "totalOperatingExpenses": "-4222000000.00",
            "costOfRevenue": "1785000000.00",
            "totalOtherIncomeExpenseNet": "-2679000000.00",
            "discontinuedOperations": null,
            "netIncomeFromContinuingOps": "3201000000.00",
            "netIncomeApplicableToCommonShares": "3132000000.00",
            "preferredStockAndOtherAdjustments": null
        },
        "2020-04-30": {
            "date": "2020-04-30",
            "filing_date": "2020-04-30",
            "currency_symbol": "CAD",
            "researchDevelopment": null,
            "effectOfAccountingCharges": null,
            "incomeBeforeTax": "1738000000.00",
            "minorityInterest": "105000000.00",
            "netIncome": "1484000000.00",
            "sellingGeneralAdministrative": "3396000000.00",
            "sellingAndMarketingExpenses": null,
            "grossProfit": "10495000000.00",
            "reconciledDepreciation": "642000000.00",
            "ebit": "5502000000.00",
            "ebitda": "6144000000.00",
            "depreciationAndAmortization": "642000000.00",
            "nonOperatingIncomeNetOther": null,
            "operatingIncome": "5502000000.00",
            "otherOperatingExpenses": "5170000000.00",
            "interestExpense": "3761000000.00",
            "taxProvision": "257000000.00",
            "interestIncome": "9226000000.00",
            "netInterestIncome": "5465000000.00",
            "extraordinaryItems": null,
            "nonRecurring": null,
            "otherItems": null,
            "incomeTaxExpense": "257000000.00",
            "totalRevenue": "10318000000.00",
            "totalOperatingExpenses": "-4993000000.00",
            "costOfRevenue": "-177000000.00",
            "totalOtherIncomeExpenseNet": "295000000.00",
            "discontinuedOperations": null,
            "netIncomeFromContinuingOps": "1481000000.00",
            "netIncomeApplicableToCommonShares": "1420000000.00",
            "preferredStockAndOtherAdjustments": null
        },
        "2020-01-31": {
            "date": "2020-01-31",
            "filing_date": "2020-01-31",
            "currency_symbol": "CAD",
            "researchDevelopment": null,
            "effectOfAccountingCharges": null,
            "incomeBeforeTax": "4425000000.00",
            "minorityInterest": "106000000.00",
            "netIncome": "3504000000.00",
            "sellingGeneralAdministrative": "5674000000.00",
            "sellingAndMarketingExpenses": null,
            "grossProfit": "11200000000.00",
            "reconciledDepreciation": "644000000.00",
            "ebit": "9437000000.00",
            "ebitda": "10081000000.00",
            "depreciationAndAmortization": "644000000.00",
            "nonOperatingIncomeNetOther": null,
            "operatingIncome": "9437000000.00",
            "otherOperatingExpenses": "149000000.00",
            "interestExpense": "5017000000.00",
            "taxProvision": "916000000.00",
            "interestIncome": "10238000000.00",
            "netInterestIncome": "5221000000.00",
            "extraordinaryItems": null,
            "nonRecurring": null,
            "otherItems": null,
            "incomeTaxExpense": "916000000.00",
            "totalRevenue": "12814000000.00",
            "totalOperatingExpenses": "-1763000000.00",
            "costOfRevenue": "1614000000.00",
            "totalOtherIncomeExpenseNet": "275000000.00",
            "discontinuedOperations": null,
            "netIncomeFromContinuingOps": "3509000000.00",
            "netIncomeApplicableToCommonShares": "3439000000.00",
            "preferredStockAndOtherAdjustments": null
        },
        "2019-10-31": {
            "date": "2019-10-31",
            "filing_date": "2019-10-31",
            "currency_symbol": "CAD",
            "researchDevelopment": null,
            "effectOfAccountingCharges": null,
            "incomeBeforeTax": "3898000000.00",
            "minorityInterest": "102000000.00",
            "netIncome": "3201000000.00",
            "sellingGeneralAdministrative": "4374000000.00",
            "sellingAndMarketingExpenses": null,
            "grossProfit": "10532000000.00",
            "reconciledDepreciation": "576000000.00",
            "ebit": "4139000000.00",
            "ebitda": "4448000000.00",
            "depreciationAndAmortization": "309000000.00",
            "nonOperatingIncomeNetOther": null,
            "operatingIncome": "9355000000.00",
            "otherOperatingExpenses": "516000000.00",
            "interestExpense": "5331000000.00",
            "taxProvision": "692000000.00",
            "interestIncome": "10442000000.00",
            "netInterestIncome": "5111000000.00",
            "extraordinaryItems": null,
            "nonRecurring": null,
            "otherItems": null,
            "incomeTaxExpense": "692000000.00",
            "totalRevenue": "11193000000.00",
            "totalOperatingExpenses": "-1177000000.00",
            "costOfRevenue": "661000000.00",
            "totalOtherIncomeExpenseNet": "268000000.00",
            "discontinuedOperations": null,
            "netIncomeFromContinuingOps": "3206000000.00",
            "netIncomeApplicableToCommonShares": "3137000000.00",
            "preferredStockAndOtherAdjustments": null
        },
        "2019-07-31": {
            "date": "2019-07-31",
            "filing_date": "2019-07-31",
            "currency_symbol": "CAD",
            "researchDevelopment": null,
            "effectOfAccountingCharges": null,
            "incomeBeforeTax": "4081000000.00",
            "minorityInterest": "99000000.00",
            "netIncome": "3263000000.00",
            "sellingGeneralAdministrative": "4661000000.00",
            "sellingAndMarketingExpenses": null,
            "grossProfit": "10477000000.00",
            "reconciledDepreciation": "458000000.00",
            "ebit": "9643000000.00",
            "ebitda": "10101000000.00",
            "depreciationAndAmortization": "458000000.00",
            "nonOperatingIncomeNetOther": null,
            "operatingIncome": "9643000000.00",
            "otherOperatingExpenses": "212000000.00",
            "interestExpense": "5562000000.00",
            "taxProvision": "818000000.00",
            "interestIncome": "10610000000.00",
            "netInterestIncome": "5018000000.00",
            "extraordinaryItems": null,
            "nonRecurring": null,
            "otherItems": null,
            "incomeTaxExpense": "818000000.00",
            "totalRevenue": "11523000000.00",
            "totalOperatingExpenses": "-834000000.00",
            "costOfRevenue": "1046000000.00",
            "totalOtherIncomeExpenseNet": "273000000.00",
            "discontinuedOperations": null,
            "netIncomeFromContinuingOps": "3263000000.00",
            "netIncomeApplicableToCommonShares": "3197000000.00",
            "preferredStockAndOtherAdjustments": null
        },
        "2019-04-30": {
            "date": "2019-04-30",
            "filing_date": "2019-04-30",
            "currency_symbol": "CAD",
            "researchDevelopment": null,
            "effectOfAccountingCharges": null,
            "incomeBeforeTax": "3997000000.00",
            "minorityInterest": "101000000.00",
            "netIncome": "3226000000.00",
            "sellingGeneralAdministrative": "4782000000.00",
            "sellingAndMarketingExpenses": null,
            "grossProfit": "10325000000.00",
            "reconciledDepreciation": "457000000.00",
            "ebit": "9288000000.00",
            "ebitda": "9745000000.00",
            "depreciationAndAmortization": "457000000.00",
            "nonOperatingIncomeNetOther": null,
            "operatingIncome": "9288000000.00",
            "otherOperatingExpenses": "123000000.00",
            "interestExpense": "5295000000.00",
            "taxProvision": "767000000.00",
            "interestIncome": "10132000000.00",
            "netInterestIncome": "4773000000.00",
            "extraordinaryItems": null,
            "nonRecurring": null,
            "otherItems": null,
            "incomeTaxExpense": "767000000.00",
            "totalRevenue": "11485000000.00",
            "totalOperatingExpenses": "-1037000000.00",
            "costOfRevenue": "1160000000.00",
            "totalOtherIncomeExpenseNet": "257000000.00",
            "discontinuedOperations": null,
            "netIncomeFromContinuingOps": "3230000000.00",
            "netIncomeApplicableToCommonShares": "3161000000.00",
            "preferredStockAndOtherAdjustments": null
        },
        "2019-01-31": {
            "date": "2019-01-31",
            "filing_date": "2019-01-31",
            "currency_symbol": "CAD",
            "researchDevelopment": null,
            "effectOfAccountingCharges": null,
            "incomeBeforeTax": "3938000000.00",
            "minorityInterest": "97000000.00",
            "netIncome": "3170000000.00",
            "sellingGeneralAdministrative": "4868000000.00",
            "sellingAndMarketingExpenses": null,
            "grossProfit": "10349000000.00",
            "reconciledDepreciation": "443000000.00",
            "ebit": "9201000000.00",
            "ebitda": "9644000000.00",
            "depreciationAndAmortization": "443000000.00",
            "nonOperatingIncomeNetOther": null,
            "operatingIncome": "9201000000.00",
            "otherOperatingExpenses": "77000000.00",
            "interestExpense": "5265000000.00",
            "taxProvision": null,
            "interestIncome": null,
            "netInterestIncome": null,
            "extraordinaryItems": null,
            "nonRecurring": null,
            "otherItems": null,
            "incomeTaxExpense": "766000000.00",
            "totalRevenue": "11574000000.00",
            "totalOperatingExpenses": "-1148000000.00",
            "costOfRevenue": "1225000000.00",
            "totalOtherIncomeExpenseNet": "15000000.00",
            "discontinuedOperations": null,
            "netIncomeFromContinuingOps": "3172000000.00",
            "netIncomeApplicableToCommonShares": "3096000000.00",
            "preferredStockAndOtherAdjustments": null
        },
        "2018-10-31": {
            "date": "2018-10-31",
            "filing_date": "2018-10-31",
            "currency_symbol": "CAD",
            "researchDevelopment": null,
            "effectOfAccountingCharges": null,
            "incomeBeforeTax": "3940000000.00",
            "minorityInterest": "94000000.00",
            "netIncome": "3247000000.00",
            "sellingGeneralAdministrative": "3923000000.00",
            "sellingAndMarketingExpenses": null,
            "grossProfit": "10167000000.00",
            "reconciledDepreciation": "430000000.00",
            "ebit": "4083000000.00",
            "ebitda": "4362000000.00",
            "depreciationAndAmortization": "279000000.00",
            "nonOperatingIncomeNetOther": null,
            "operatingIncome": "8198000000.00",
            "otherOperatingExpenses": "1475000000.00",
            "interestExpense": "4261000000.00",
            "taxProvision": null,
            "interestIncome": null,
            "netInterestIncome": null,
            "extraordinaryItems": null,
            "nonRecurring": null,
            "otherItems": null,
            "incomeTaxExpense": "690000000.00",
            "totalRevenue": "10661000000.00",
            "totalOperatingExpenses": "-1969000000.00",
            "costOfRevenue": "494000000.00",
            "totalOtherIncomeExpenseNet": "8000000.00",
            "discontinuedOperations": null,
            "netIncomeFromContinuingOps": "3250000000.00",
            "netIncomeApplicableToCommonShares": "3176000000.00",
            "preferredStockAndOtherAdjustments": null
        },
        "2018-07-31": {
            "date": "2018-07-31",
            "filing_date": "2018-07-31",
            "currency_symbol": "CAD",
            "researchDevelopment": null,
            "effectOfAccountingCharges": null,
            "incomeBeforeTax": "3896000000.00",
            "minorityInterest": "91000000.00",
            "netIncome": "3101000000.00",
            "sellingGeneralAdministrative": "4446000000.00",
            "sellingAndMarketingExpenses": null,
            "grossProfit": "10086000000.00",
            "reconciledDepreciation": "419000000.00",
            "ebit": "7918000000.00",
            "ebitda": "8337000000.00",
            "depreciationAndAmortization": "419000000.00",
            "nonOperatingIncomeNetOther": null,
            "operatingIncome": "7918000000.00",
            "otherOperatingExpenses": "1243000000.00",
            "interestExpense": "4030000000.00",
            "taxProvision": null,
            "interestIncome": null,
            "netInterestIncome": null,
            "extraordinaryItems": null,
            "nonRecurring": null,
            "otherItems": null,
            "incomeTaxExpense": "787000000.00",
            "totalRevenue": "11011000000.00",
            "totalOperatingExpenses": "-2168000000.00",
            "costOfRevenue": "925000000.00",
            "totalOtherIncomeExpenseNet": "-26000000.00",
            "discontinuedOperations": null,
            "netIncomeFromContinuingOps": "3109000000.00",
            "netIncomeApplicableToCommonShares": "3031000000.00",
            "preferredStockAndOtherAdjustments": null
        },
        "2018-04-30": {
            "date": "2018-04-30",
            "filing_date": "2018-04-30",
            "currency_symbol": "CAD",
            "researchDevelopment": null,
            "effectOfAccountingCharges": null,
            "incomeBeforeTax": "3877000000.00",
            "minorityInterest": "600000000.00",
            "netIncome": "3051000000.00",
            "sellingGeneralAdministrative": "3745000000.00",
            "sellingAndMarketingExpenses": null,
            "grossProfit": "9619000000.00",
            "reconciledDepreciation": "407000000.00",
            "ebit": "3863000000.00",
            "ebitda": "4270000000.00",
            "depreciationAndAmortization": "407000000.00",
            "nonOperatingIncomeNetOther": null,
            "operatingIncome": "7312000000.00",
            "otherOperatingExpenses": "1886000000.00",
            "interestExpense": "3444000000.00",
            "taxProvision": null,
            "interestIncome": null,
            "netInterestIncome": null,
            "extraordinaryItems": null,
            "nonRecurring": null,
            "otherItems": null,
            "incomeTaxExpense": "817000000.00",
            "totalRevenue": "10040000000.00",
            "totalOperatingExpenses": "-2307000000.00",
            "costOfRevenue": "421000000.00",
            "totalOtherIncomeExpenseNet": "-1237000000.00",
            "discontinuedOperations": null,
            "netIncomeFromContinuingOps": "3060000000.00",
            "netIncomeApplicableToCommonShares": "2979000000.00",
            "preferredStockAndOtherAdjustments": null
        },
        "2018-03-31": {
            "date": "2018-03-31",
            "filing_date": null,
            "currency_symbol": "CAD",
            "researchDevelopment": null,
            "effectOfAccountingCharges": null,
            "incomeBeforeTax": "126975000.00",
            "minorityInterest": null,
            "netIncome": "98568000.00",
            "sellingGeneralAdministrative": "113060000.00",
            "sellingAndMarketingExpenses": null,
            "grossProfit": "365802000.00",
            "reconciledDepreciation": null,
            "ebit": "163798000.00",
            "ebitda": null,
            "depreciationAndAmortization": null,
            "nonOperatingIncomeNetOther": null,
            "operatingIncome": "157238000.00",
            "otherOperatingExpenses": "95504000.00",
            "interestExpense": "36823000.00",
            "taxProvision": null,
            "interestIncome": null,
            "netInterestIncome": null,
            "extraordinaryItems": null,
            "nonRecurring": null,
            "otherItems": null,
            "incomeTaxExpense": "28407000.00",
            "totalRevenue": "784983000.00",
            "totalOperatingExpenses": "0.00",
            "costOfRevenue": "419181000.00",
            "totalOtherIncomeExpenseNet": "6560000.00",
            "discontinuedOperations": null,
            "netIncomeFromContinuingOps": "98568000.00",
            "netIncomeApplicableToCommonShares": "98568000.00",
            "preferredStockAndOtherAdjustments": null
        },
        "2018-01-31": {
            "date": "2018-01-31",
            "filing_date": "2018-01-31",
            "currency_symbol": "CAD",
            "researchDevelopment": null,
            "effectOfAccountingCharges": null,
            "incomeBeforeTax": "4047000000.00",
            "minorityInterest": "588000000.00",
            "netIncome": "3001000000.00",
            "sellingGeneralAdministrative": "4338000000.00",
            "sellingAndMarketingExpenses": null,
            "grossProfit": "9967000000.00",
            "reconciledDepreciation": "396000000.00",
            "ebit": "4022000000.00",
            "ebitda": "4418000000.00",
            "depreciationAndAmortization": "396000000.00",
            "nonOperatingIncomeNetOther": null,
            "operatingIncome": "7131000000.00",
            "otherOperatingExpenses": "2000000000.00",
            "interestExpense": "3095000000.00",
            "taxProvision": null,
            "interestIncome": null,
            "netInterestIncome": null,
            "extraordinaryItems": null,
            "nonRecurring": null,
            "otherItems": null,
            "incomeTaxExpense": "1035000000.00",
            "totalRevenue": "10803000000.00",
            "totalOperatingExpenses": "-2836000000.00",
            "costOfRevenue": "836000000.00",
            "totalOtherIncomeExpenseNet": "-1689000000.00",
            "discontinuedOperations": null,
            "netIncomeFromContinuingOps": "3012000000.00",
            "netIncomeApplicableToCommonShares": "2929000000.00",
            "preferredStockAndOtherAdjustments": null
        },
        "2017-12-31": {
            "date": "2017-12-31",
            "filing_date": null,
            "currency_symbol": "CAD",
            "researchDevelopment": null,
            "effectOfAccountingCharges": null,
            "incomeBeforeTax": "126277000.00",
            "minorityInterest": null,
            "netIncome": "99081000.00",
            "sellingGeneralAdministrative": "108635000.00",
            "sellingAndMarketingExpenses": null,
            "grossProfit": "353580000.00",
            "reconciledDepreciation": null,
            "ebit": "162673000.00",
            "ebitda": null,
            "depreciationAndAmortization": null,
            "nonOperatingIncomeNetOther": null,
            "operatingIncome": "155501000.00",
            "otherOperatingExpenses": "89444000.00",
            "interestExpense": "36396000.00",
            "taxProvision": null,
            "interestIncome": null,
            "netInterestIncome": null,
            "extraordinaryItems": null,
            "nonRecurring": null,
            "otherItems": null,
            "incomeTaxExpense": "27196000.00",
            "totalRevenue": "713730000.00",
            "totalOperatingExpenses": "0.00",
            "costOfRevenue": "360150000.00",
            "totalOtherIncomeExpenseNet": "7172000.00",
            "discontinuedOperations": null,
            "netIncomeFromContinuingOps": "99081000.00",
            "netIncomeApplicableToCommonShares": "99081000.00",
            "preferredStockAndOtherAdjustments": null
        },
        "2017-10-31": {
            "date": "2017-10-31",
            "filing_date": "2017-10-31",
            "currency_symbol": "CAD",
            "researchDevelopment": null,
            "effectOfAccountingCharges": null,
            "incomeBeforeTax": "3541000000.00",
            "minorityInterest": "599000000.00",
            "netIncome": "2829000000.00",
            "sellingGeneralAdministrative": "4436000000.00",
            "sellingAndMarketingExpenses": null,
            "grossProfit": "9472000000.00",
            "reconciledDepreciation": "408000000.00",
            "ebit": "3682000000.00",
            "ebitda": "3939000000.00",
            "depreciationAndAmortization": "257000000.00",
            "nonOperatingIncomeNetOther": null,
            "operatingIncome": "6318000000.00",
            "otherOperatingExpenses": "2113000000.00",
            "interestExpense": "2785000000.00",
            "taxProvision": null,
            "interestIncome": null,
            "netInterestIncome": null,
            "extraordinaryItems": null,
            "nonRecurring": null,
            "otherItems": null,
            "incomeTaxExpense": "704000000.00",
            "totalRevenue": "10513000000.00",
            "totalOperatingExpenses": "-3154000000.00",
            "costOfRevenue": "1041000000.00",
            "totalOtherIncomeExpenseNet": "-2007000000.00",
            "discontinuedOperations": null,
            "netIncomeFromContinuingOps": "2837000000.00",
            "netIncomeApplicableToCommonShares": "2757000000.00",
            "preferredStockAndOtherAdjustments": null
        },
        "2017-09-30": {
            "date": "2017-09-30",
            "filing_date": null,
            "currency_symbol": "CAD",
            "researchDevelopment": null,
            "effectOfAccountingCharges": null,
            "incomeBeforeTax": "148739000.00",
            "minorityInterest": null,
            "netIncome": "96144000.00",
            "sellingGeneralAdministrative": "116807000.00",
            "sellingAndMarketingExpenses": null,
            "grossProfit": "392650000.00",
            "reconciledDepreciation": null,
            "ebit": "185052000.00",
            "ebitda": null,
            "depreciationAndAmortization": null,
            "nonOperatingIncomeNetOther": null,
            "operatingIncome": "177543000.00",
            "otherOperatingExpenses": "98300000.00",
            "interestExpense": "36313000.00",
            "taxProvision": null,
            "interestIncome": null,
            "netInterestIncome": null,
            "extraordinaryItems": null,
            "nonRecurring": null,
            "otherItems": null,
            "incomeTaxExpense": "52595000.00",
            "totalRevenue": "774762000.00",
            "totalOperatingExpenses": "0.00",
            "costOfRevenue": "382112000.00",
            "totalOtherIncomeExpenseNet": "7509000.00",
            "discontinuedOperations": null,
            "netIncomeFromContinuingOps": "96144000.00",
            "netIncomeApplicableToCommonShares": "96144000.00",
            "preferredStockAndOtherAdjustments": null
        },
        "2017-07-31": {
            "date": "2017-07-31",
            "filing_date": "2017-07-31",
            "currency_symbol": "CAD",
            "researchDevelopment": null,
            "effectOfAccountingCharges": null,
            "incomeBeforeTax": "3588000000.00",
            "minorityInterest": "587000000.00",
            "netIncome": "2783000000.00",
            "sellingGeneralAdministrative": "4028000000.00",
            "sellingAndMarketingExpenses": null,
            "grossProfit": "9098000000.00",
            "reconciledDepreciation": "398000000.00",
            "ebit": "3553000000.00",
            "ebitda": "3951000000.00",
            "depreciationAndAmortization": "398000000.00",
            "nonOperatingIncomeNetOther": null,
            "operatingIncome": "6126000000.00",
            "otherOperatingExpenses": "2329000000.00",
            "interestExpense": "2551000000.00",
            "taxProvision": null,
            "interestIncome": null,
            "netInterestIncome": null,
            "extraordinaryItems": null,
            "nonRecurring": null,
            "otherItems": null,
            "incomeTaxExpense": "792000000.00",
            "totalRevenue": "9741000000.00",
            "totalOperatingExpenses": "-2972000000.00",
            "costOfRevenue": "643000000.00",
            "totalOtherIncomeExpenseNet": "-1427000000.00",
            "discontinuedOperations": null,
            "netIncomeFromContinuingOps": "2796000000.00",
            "netIncomeApplicableToCommonShares": "2707000000.00",
            "preferredStockAndOtherAdjustments": null
        },
        "2017-06-30": {
            "date": "2017-06-30",
            "filing_date": null,
            "currency_symbol": "CAD",
            "researchDevelopment": null,
            "effectOfAccountingCharges": null,
            "incomeBeforeTax": "144542000.00",
            "minorityInterest": null,
            "netIncome": "91293000.00",
            "sellingGeneralAdministrative": "102588000.00",
            "sellingAndMarketingExpenses": null,
            "grossProfit": "351356000.00",
            "reconciledDepreciation": null,
            "ebit": "179842000.00",
            "ebitda": null,
            "depreciationAndAmortization": null,
            "nonOperatingIncomeNetOther": null,
            "operatingIncome": "176548000.00",
            "otherOperatingExpenses": "72220000.00",
            "interestExpense": "35300000.00",
            "taxProvision": null,
            "interestIncome": null,
            "netInterestIncome": null,
            "extraordinaryItems": null,
            "nonRecurring": null,
            "otherItems": null,
            "incomeTaxExpense": "53249000.00",
            "totalRevenue": "666557000.00",
            "totalOperatingExpenses": "0.00",
            "costOfRevenue": "315201000.00",
            "totalOtherIncomeExpenseNet": "3294000.00",
            "discontinuedOperations": null,
            "netIncomeFromContinuingOps": "91293000.00",
            "netIncomeApplicableToCommonShares": "91293000.00",
            "preferredStockAndOtherAdjustments": null
        },
        "2017-04-30": {
            "date": "2017-04-30",
            "filing_date": "2017-04-30",
            "currency_symbol": "CAD",
            "researchDevelopment": null,
            "effectOfAccountingCharges": null,
            "incomeBeforeTax": "3689000000.00",
            "minorityInterest": "598000000.00",
            "netIncome": "2801000000.00",
            "sellingGeneralAdministrative": "4331000000.00",
            "sellingAndMarketingExpenses": null,
            "grossProfit": "9179000000.00",
            "reconciledDepreciation": "397000000.00",
            "ebit": "3648000000.00",
            "ebitda": "4045000000.00",
            "depreciationAndAmortization": "397000000.00",
            "nonOperatingIncomeNetOther": null,
            "operatingIncome": "5974000000.00",
            "otherOperatingExpenses": "2115000000.00",
            "interestExpense": "2293000000.00",
            "taxProvision": null,
            "interestIncome": null,
            "netInterestIncome": null,
            "extraordinaryItems": null,
            "nonRecurring": null,
            "otherItems": null,
            "incomeTaxExpense": "880000000.00",
            "totalRevenue": "10269000000.00",
            "totalOperatingExpenses": "-3205000000.00",
            "costOfRevenue": "1090000000.00",
            "totalOtherIncomeExpenseNet": "-1878000000.00",
            "discontinuedOperations": null,
            "netIncomeFromContinuingOps": "2809000000.00",
            "netIncomeApplicableToCommonShares": "2724000000.00",
            "preferredStockAndOtherAdjustments": null
        },
        "2017-03-31": {
            "date": "2017-03-31",
            "filing_date": null,
            "currency_symbol": "CAD",
            "researchDevelopment": null,
            "effectOfAccountingCharges": null,
            "incomeBeforeTax": "143814000.00",
            "minorityInterest": null,
            "netIncome": "90208000.00",
            "sellingGeneralAdministrative": "110570000.00",
            "sellingAndMarketingExpenses": null,
            "grossProfit": "359146000.00",
            "reconciledDepreciation": null,
            "ebit": "178778000.00",
            "ebitda": null,
            "depreciationAndAmortization": null,
            "nonOperatingIncomeNetOther": null,
            "operatingIncome": "176022000.00",
            "otherOperatingExpenses": "72554000.00",
            "interestExpense": "34964000.00",
            "taxProvision": null,
            "interestIncome": null,
            "netInterestIncome": null,
            "extraordinaryItems": null,
            "nonRecurring": null,
            "otherItems": null,
            "incomeTaxExpense": "53606000.00",
            "totalRevenue": "732310000.00",
            "totalOperatingExpenses": "0.00",
            "costOfRevenue": "373164000.00",
            "totalOtherIncomeExpenseNet": "2756000.00",
            "discontinuedOperations": null,
            "netIncomeFromContinuingOps": "90208000.00",
            "netIncomeApplicableToCommonShares": "90208000.00",
            "preferredStockAndOtherAdjustments": null
        },
        "2017-01-31": {
            "date": "2017-01-31",
            "filing_date": "2017-01-31",
            "currency_symbol": "CAD",
            "researchDevelopment": null,
            "effectOfAccountingCharges": null,
            "incomeBeforeTax": "3854000000.00",
            "minorityInterest": "585000000.00",
            "netIncome": "3015000000.00",
            "sellingGeneralAdministrative": "3446000000.00",
            "sellingAndMarketingExpenses": null,
            "grossProfit": "8893000000.00",
            "reconciledDepreciation": "414000000.00",
            "ebit": "3603000000.00",
            "ebitda": "4017000000.00",
            "depreciationAndAmortization": "414000000.00",
            "nonOperatingIncomeNetOther": null,
            "operatingIncome": "5977000000.00",
            "otherOperatingExpenses": "2733000000.00",
            "interestExpense": "2135000000.00",
            "taxProvision": null,
            "interestIncome": null,
            "netInterestIncome": null,
            "extraordinaryItems": null,
            "nonRecurring": null,
            "otherItems": null,
            "incomeTaxExpense": "827000000.00",
            "totalRevenue": "9076000000.00",
            "totalOperatingExpenses": "-2916000000.00",
            "costOfRevenue": "183000000.00",
            "totalOtherIncomeExpenseNet": "-958000000.00",
            "discontinuedOperations": null,
            "netIncomeFromContinuingOps": "3027000000.00",
            "netIncomeApplicableToCommonShares": "2940000000.00",
            "preferredStockAndOtherAdjustments": null
        },
        "2016-10-31": {
            "date": "2016-10-31",
            "filing_date": "2016-10-31",
            "currency_symbol": "CAD",
            "researchDevelopment": null,
            "effectOfAccountingCharges": null,
            "incomeBeforeTax": "3312000000.00",
            "minorityInterest": null,
            "netIncome": "2533000000.00",
            "sellingGeneralAdministrative": "3429000000.00",
            "sellingAndMarketingExpenses": null,
            "grossProfit": "8538000000.00",
            "reconciledDepreciation": "410000000.00",
            "ebit": "3268000000.00",
            "ebitda": "3678000000.00",
            "depreciationAndAmortization": "410000000.00",
            "nonOperatingIncomeNetOther": null,
            "operatingIncome": "5326000000.00",
            "otherOperatingExpenses": "2815000000.00",
            "interestExpense": "2024000000.00",
            "taxProvision": null,
            "interestIncome": null,
            "netInterestIncome": null,
            "extraordinaryItems": null,
            "nonRecurring": null,
            "otherItems": null,
            "incomeTaxExpense": "769000000.00",
            "totalRevenue": "8935000000.00",
            "totalOperatingExpenses": "-3212000000.00",
            "costOfRevenue": "397000000.00",
            "totalOtherIncomeExpenseNet": "-1403000000.00",
            "discontinuedOperations": null,
            "netIncomeFromContinuingOps": null,
            "netIncomeApplicableToCommonShares": null,
            "preferredStockAndOtherAdjustments": null
        },
        "2016-07-31": {
            "date": "2016-07-31",
            "filing_date": "2016-07-31",
            "currency_symbol": "CAD",
            "researchDevelopment": null,
            "effectOfAccountingCharges": null,
            "incomeBeforeTax": "3636000000.00",
            "minorityInterest": null,
            "netIncome": "2886000000.00",
            "sellingGeneralAdministrative": "4289000000.00",
            "sellingAndMarketingExpenses": null,
            "grossProfit": "8718000000.00",
            "reconciledDepreciation": "382000000.00",
            "ebit": "5688000000.00",
            "ebitda": "6070000000.00",
            "depreciationAndAmortization": "382000000.00",
            "nonOperatingIncomeNetOther": null,
            "operatingIncome": "5688000000.00",
            "otherOperatingExpenses": "1820000000.00",
            "interestExpense": "2061000000.00",
            "taxProvision": null,
            "interestIncome": null,
            "netInterestIncome": null,
            "extraordinaryItems": null,
            "nonRecurring": null,
            "otherItems": null,
            "incomeTaxExpense": "741000000.00",
            "totalRevenue": "9928000000.00",
            "totalOperatingExpenses": "-3030000000.00",
            "costOfRevenue": "1210000000.00",
            "totalOtherIncomeExpenseNet": "-1970000000.00",
            "discontinuedOperations": null,
            "netIncomeFromContinuingOps": null,
            "netIncomeApplicableToCommonShares": null,
            "preferredStockAndOtherAdjustments": null
        },
        "2016-04-30": {
            "date": "2016-04-30",
            "filing_date": "2016-04-30",
            "currency_symbol": "CAD",
            "researchDevelopment": null,
            "effectOfAccountingCharges": null,
            "incomeBeforeTax": "3191000000.00",
            "minorityInterest": null,
            "netIncome": "2560000000.00",
            "sellingGeneralAdministrative": "4002000000.00",
            "sellingAndMarketingExpenses": null,
            "grossProfit": "8497000000.00",
            "reconciledDepreciation": "368000000.00",
            "ebit": "5154000000.00",
            "ebitda": "5522000000.00",
            "depreciationAndAmortization": "368000000.00",
            "nonOperatingIncomeNetOther": null,
            "operatingIncome": "5154000000.00",
            "otherOperatingExpenses": "2355000000.00",
            "interestExpense": "1976000000.00",
            "taxProvision": null,
            "interestIncome": null,
            "netInterestIncome": null,
            "extraordinaryItems": null,
            "nonRecurring": null,
            "otherItems": null,
            "incomeTaxExpense": "618000000.00",
            "totalRevenue": "9485000000.00",
            "totalOperatingExpenses": "-3343000000.00",
            "costOfRevenue": "988000000.00",
            "totalOtherIncomeExpenseNet": "-1650000000.00",
            "discontinuedOperations": null,
            "netIncomeFromContinuingOps": null,
            "netIncomeApplicableToCommonShares": null,
            "preferredStockAndOtherAdjustments": null
        },
        "2016-01-31": {
            "date": "2016-01-31",
            "filing_date": "2016-01-31",
            "currency_symbol": "CAD",
            "researchDevelopment": null,
            "effectOfAccountingCharges": null,
            "incomeBeforeTax": "3160000000.00",
            "minorityInterest": null,
            "netIncome": "2426000000.00",
            "sellingGeneralAdministrative": "3905000000.00",
            "sellingAndMarketingExpenses": null,
            "grossProfit": "8483000000.00",
            "reconciledDepreciation": "386000000.00",
            "ebit": "4999000000.00",
            "ebitda": "5385000000.00",
            "depreciationAndAmortization": "386000000.00",
            "nonOperatingIncomeNetOther": null,
            "operatingIncome": "4999000000.00",
            "otherOperatingExpenses": "2655000000.00",
            "interestExpense": "1860000000.00",
            "taxProvision": null,
            "interestIncome": null,
            "netInterestIncome": null,
            "extraordinaryItems": null,
            "nonRecurring": null,
            "otherItems": null,
            "incomeTaxExpense": "713000000.00",
            "totalRevenue": "9312000000.00",
            "totalOperatingExpenses": "-3484000000.00",
            "costOfRevenue": "829000000.00",
            "totalOtherIncomeExpenseNet": "-1521000000.00",
            "discontinuedOperations": null,
            "netIncomeFromContinuingOps": null,
            "netIncomeApplicableToCommonShares": null,
            "preferredStockAndOtherAdjustments": null
        },
        "2015-10-31": {
            "date": "2015-10-31",
            "filing_date": "2015-10-31",
            "currency_symbol": "CAD",
            "researchDevelopment": null,
            "effectOfAccountingCharges": null,
            "incomeBeforeTax": "2805000000.00",
            "minorityInterest": null,
            "netIncome": "2569000000.00",
            "sellingGeneralAdministrative": "2974000000.00",
            "sellingAndMarketingExpenses": null,
            "grossProfit": "7644000000.00",
            "reconciledDepreciation": "320000000.00",
            "ebit": "4836000000.00",
            "ebitda": "5016000000.00",
            "depreciationAndAmortization": "180000000.00",
            "nonOperatingIncomeNetOther": null,
            "operatingIncome": "4696000000.00",
            "otherOperatingExpenses": "2613000000.00",
            "interestExpense": "1915000000.00",
            "taxProvision": null,
            "interestIncome": null,
            "netInterestIncome": null,
            "extraordinaryItems": null,
            "nonRecurring": null,
            "otherItems": null,
            "incomeTaxExpense": "212000000.00",
            "totalRevenue": "7979000000.00",
            "totalOperatingExpenses": "-2948000000.00",
            "costOfRevenue": "335000000.00",
            "totalOtherIncomeExpenseNet": "-968000000.00",
            "discontinuedOperations": null,
            "netIncomeFromContinuingOps": null,
            "netIncomeApplicableToCommonShares": null,
            "preferredStockAndOtherAdjustments": null
        },
        "2015-07-31": {
            "date": "2015-07-31",
            "filing_date": "2015-07-31",
            "currency_symbol": "CAD",
            "researchDevelopment": null,
            "effectOfAccountingCharges": null,
            "incomeBeforeTax": "3267000000.00",
            "minorityInterest": null,
            "netIncome": "2449000000.00",
            "sellingGeneralAdministrative": "3546000000.00",
            "sellingAndMarketingExpenses": null,
            "grossProfit": "8140000000.00",
            "reconciledDepreciation": "306000000.00",
            "ebit": "5213000000.00",
            "ebitda": "5519000000.00",
            "depreciationAndAmortization": "306000000.00",
            "nonOperatingIncomeNetOther": null,
            "operatingIncome": "5213000000.00",
            "otherOperatingExpenses": "2271000000.00",
            "interestExpense": "1972000000.00",
            "taxProvision": null,
            "interestIncome": null,
            "netInterestIncome": null,
            "extraordinaryItems": null,
            "nonRecurring": null,
            "otherItems": null,
            "incomeTaxExpense": "792000000.00",
            "totalRevenue": "8796000000.00",
            "totalOperatingExpenses": "-2927000000.00",
            "costOfRevenue": "656000000.00",
            "totalOtherIncomeExpenseNet": "-1287000000.00",
            "discontinuedOperations": null,
            "netIncomeFromContinuingOps": null,
            "netIncomeApplicableToCommonShares": null,
            "preferredStockAndOtherAdjustments": null
        },
        "2015-04-30": {
            "date": "2015-04-30",
            "filing_date": "2015-04-30",
            "currency_symbol": "CAD",
            "researchDevelopment": null,
            "effectOfAccountingCharges": null,
            "incomeBeforeTax": "3319000000.00",
            "minorityInterest": null,
            "netIncome": "2473000000.00",
            "sellingGeneralAdministrative": "3489000000.00",
            "sellingAndMarketingExpenses": null,
            "grossProfit": "8297000000.00",
            "reconciledDepreciation": "318000000.00",
            "ebit": "5290000000.00",
            "ebitda": "5608000000.00",
            "depreciationAndAmortization": "318000000.00",
            "nonOperatingIncomeNetOther": null,
            "operatingIncome": "5290000000.00",
            "otherOperatingExpenses": "2514000000.00",
            "interestExpense": "2000000000.00",
            "taxProvision": null,
            "interestIncome": null,
            "netInterestIncome": null,
            "extraordinaryItems": null,
            "nonRecurring": null,
            "otherItems": null,
            "incomeTaxExpense": "817000000.00",
            "totalRevenue": "8790000000.00",
            "totalOperatingExpenses": "-3007000000.00",
            "costOfRevenue": "493000000.00",
            "totalOtherIncomeExpenseNet": "-1138000000.00",
            "discontinuedOperations": null,
            "netIncomeFromContinuingOps": null,
            "netIncomeApplicableToCommonShares": null,
            "preferredStockAndOtherAdjustments": null
        },
        "2015-01-31": {
            "date": "2015-01-31",
            "filing_date": "2015-01-31",
            "currency_symbol": "CAD",
            "researchDevelopment": null,
            "effectOfAccountingCharges": null,
            "incomeBeforeTax": "3232000000.00",
            "minorityInterest": null,
            "netIncome": "2434000000.00",
            "sellingGeneralAdministrative": "4537000000.00",
            "sellingAndMarketingExpenses": null,
            "grossProfit": "8037000000.00",
            "reconciledDepreciation": "302000000.00",
            "ebit": "5281000000.00",
            "ebitda": "5583000000.00",
            "depreciationAndAmortization": "302000000.00",
            "nonOperatingIncomeNetOther": null,
            "operatingIncome": "5281000000.00",
            "otherOperatingExpenses": "1234000000.00",
            "interestExpense": "2071000000.00",
            "taxProvision": null,
            "interestIncome": null,
            "netInterestIncome": null,
            "extraordinaryItems": null,
            "nonRecurring": null,
            "otherItems": null,
            "incomeTaxExpense": "776000000.00",
            "totalRevenue": "9559000000.00",
            "totalOperatingExpenses": "-2756000000.00",
            "costOfRevenue": "1522000000.00",
            "totalOtherIncomeExpenseNet": "-2099000000.00",
            "discontinuedOperations": null,
            "netIncomeFromContinuingOps": null,
            "netIncomeApplicableToCommonShares": null,
            "preferredStockAndOtherAdjustments": null
        },
        "2014-10-31": {
            "date": "2014-10-31",
            "filing_date": "2014-10-31",
            "currency_symbol": "CAD",
            "researchDevelopment": null,
            "effectOfAccountingCharges": null,
            "incomeBeforeTax": "2945000000.00",
            "minorityInterest": null,
            "netIncome": "2316000000.00",
            "sellingGeneralAdministrative": "3333000000.00",
            "sellingAndMarketingExpenses": null,
            "grossProfit": "7596000000.00",
            "reconciledDepreciation": "314000000.00",
            "ebit": "4844000000.00",
            "ebitda": "5158000000.00",
            "depreciationAndAmortization": "314000000.00",
            "nonOperatingIncomeNetOther": null,
            "operatingIncome": "4844000000.00",
            "otherOperatingExpenses": "2000000000.00",
            "interestExpense": "1916000000.00",
            "taxProvision": null,
            "interestIncome": null,
            "netInterestIncome": null,
            "extraordinaryItems": null,
            "nonRecurring": null,
            "otherItems": null,
            "incomeTaxExpense": "612000000.00",
            "totalRevenue": "8348000000.00",
            "totalOperatingExpenses": "-2752000000.00",
            "costOfRevenue": "752000000.00",
            "totalOtherIncomeExpenseNet": "-1368000000.00",
            "discontinuedOperations": null,
            "netIncomeFromContinuingOps": null,
            "netIncomeApplicableToCommonShares": null,
            "preferredStockAndOtherAdjustments": null
        },
        "2014-07-31": {
            "date": "2014-07-31",
            "filing_date": "2014-07-31",
            "currency_symbol": "CAD",
            "researchDevelopment": null,
            "effectOfAccountingCharges": null,
            "incomeBeforeTax": "3096000000.00",
            "minorityInterest": null,
            "netIncome": "2352000000.00",
            "sellingGeneralAdministrative": "3875000000.00",
            "sellingAndMarketingExpenses": null,
            "grossProfit": "7929000000.00",
            "reconciledDepreciation": "298000000.00",
            "ebit": "5096000000.00",
            "ebitda": "5394000000.00",
            "depreciationAndAmortization": "298000000.00",
            "nonOperatingIncomeNetOther": null,
            "operatingIncome": "5096000000.00",
            "otherOperatingExpenses": "1824000000.00",
            "interestExpense": "2026000000.00",
            "taxProvision": null,
            "interestIncome": null,
            "netInterestIncome": null,
            "extraordinaryItems": null,
            "nonRecurring": null,
            "otherItems": null,
            "incomeTaxExpense": "718000000.00",
            "totalRevenue": "8938000000.00",
            "totalOperatingExpenses": "-2833000000.00",
            "costOfRevenue": "1009000000.00",
            "totalOtherIncomeExpenseNet": "-1723000000.00",
            "discontinuedOperations": null,
            "netIncomeFromContinuingOps": null,
            "netIncomeApplicableToCommonShares": null,
            "preferredStockAndOtherAdjustments": null
        },
        "2014-04-30": {
            "date": "2014-04-30",
            "filing_date": "2014-04-30",
            "currency_symbol": "CAD",
            "researchDevelopment": null,
            "effectOfAccountingCharges": null,
            "incomeBeforeTax": "2870000000.00",
            "minorityInterest": null,
            "netIncome": "2175000000.00",
            "sellingGeneralAdministrative": "3564000000.00",
            "sellingAndMarketingExpenses": null,
            "grossProfit": "7406000000.00",
            "reconciledDepreciation": "286000000.00",
            "ebit": "4815000000.00",
            "ebitda": "5101000000.00",
            "depreciationAndAmortization": "286000000.00",
            "nonOperatingIncomeNetOther": null,
            "operatingIncome": "4815000000.00",
            "otherOperatingExpenses": "1761000000.00",
            "interestExpense": "1971000000.00",
            "taxProvision": null,
            "interestIncome": null,
            "netInterestIncome": null,
            "extraordinaryItems": null,
            "nonRecurring": null,
            "otherItems": null,
            "incomeTaxExpense": "669000000.00",
            "totalRevenue": "8236000000.00",
            "totalOperatingExpenses": "-2591000000.00",
            "costOfRevenue": "830000000.00",
            "totalOtherIncomeExpenseNet": "-1436000000.00",
            "discontinuedOperations": null,
            "netIncomeFromContinuingOps": null,
            "netIncomeApplicableToCommonShares": null,
            "preferredStockAndOtherAdjustments": null
        },
        "2014-01-31": {
            "date": "2014-01-31",
            "filing_date": "2014-01-31",
            "currency_symbol": "CAD",
            "researchDevelopment": null,
            "effectOfAccountingCharges": null,
            "incomeBeforeTax": "2799000000.00",
            "minorityInterest": null,
            "netIncome": "2067000000.00",
            "sellingGeneralAdministrative": "3832000000.00",
            "sellingAndMarketingExpenses": null,
            "grossProfit": "7434000000.00",
            "reconciledDepreciation": "275000000.00",
            "ebit": "4764000000.00",
            "ebitda": "5039000000.00",
            "depreciationAndAmortization": "275000000.00",
            "nonOperatingIncomeNetOther": null,
            "operatingIncome": "4764000000.00",
            "otherOperatingExpenses": "1688000000.00",
            "interestExpense": "1990000000.00",
            "taxProvision": null,
            "interestIncome": null,
            "netInterestIncome": null,
            "extraordinaryItems": null,
            "nonRecurring": null,
            "otherItems": null,
            "incomeTaxExpense": "707000000.00",
            "totalRevenue": "8416000000.00",
            "totalOperatingExpenses": "-2670000000.00",
            "costOfRevenue": "982000000.00",
            "totalOtherIncomeExpenseNet": "-1589000000.00",
            "discontinuedOperations": null,
            "netIncomeFromContinuingOps": null,
            "netIncomeApplicableToCommonShares": null,
            "preferredStockAndOtherAdjustments": null
        },
        "2013-10-31": {
            "date": "2013-10-31",
            "filing_date": "2013-10-31",
            "currency_symbol": "CAD",
            "researchDevelopment": null,
            "effectOfAccountingCharges": null,
            "incomeBeforeTax": "2556000000.00",
            "minorityInterest": null,
            "netIncome": "2077000000.00",
            "sellingGeneralAdministrative": "3408000000.00",
            "sellingAndMarketingExpenses": null,
            "grossProfit": "7009000000.00",
            "reconciledDepreciation": "276000000.00",
            "ebit": "4572000000.00",
            "ebitda": "4848000000.00",
            "depreciationAndAmortization": "276000000.00",
            "nonOperatingIncomeNetOther": null,
            "operatingIncome": "4572000000.00",
            "otherOperatingExpenses": "1559000000.00",
            "interestExpense": "2040000000.00",
            "taxProvision": null,
            "interestIncome": null,
            "netInterestIncome": null,
            "extraordinaryItems": null,
            "nonRecurring": null,
            "otherItems": null,
            "incomeTaxExpense": "455000000.00",
            "totalRevenue": "7887000000.00",
            "totalOperatingExpenses": "-2437000000.00",
            "costOfRevenue": "878000000.00",
            "totalOtherIncomeExpenseNet": "-1394000000.00",
            "discontinuedOperations": null,
            "netIncomeFromContinuingOps": null,
            "netIncomeApplicableToCommonShares": null,
            "preferredStockAndOtherAdjustments": null
        },
        "2013-07-31": {
            "date": "2013-07-31",
            "filing_date": "2013-07-31",
            "currency_symbol": "CAD",
            "researchDevelopment": null,
            "effectOfAccountingCharges": null,
            "incomeBeforeTax": "2687000000.00",
            "minorityInterest": null,
            "netIncome": "2279000000.00",
            "sellingGeneralAdministrative": "2749000000.00",
            "sellingAndMarketingExpenses": null,
            "grossProfit": "6956000000.00",
            "reconciledDepreciation": "114000000.00",
            "ebit": "4619000000.00",
            "ebitda": "4733000000.00",
            "depreciationAndAmortization": "114000000.00",
            "nonOperatingIncomeNetOther": null,
            "operatingIncome": "4619000000.00",
            "otherOperatingExpenses": "2074000000.00",
            "interestExpense": "1957000000.00",
            "taxProvision": null,
            "interestIncome": null,
            "netInterestIncome": null,
            "extraordinaryItems": null,
            "nonRecurring": null,
            "otherItems": null,
            "incomeTaxExpense": "383000000.00",
            "totalRevenue": "7219000000.00",
            "totalOperatingExpenses": "-2337000000.00",
            "costOfRevenue": "263000000.00",
            "totalOtherIncomeExpenseNet": "-105000000.00",
            "discontinuedOperations": null,
            "netIncomeFromContinuingOps": null,
            "netIncomeApplicableToCommonShares": null,
            "preferredStockAndOtherAdjustments": null
        },
        "2013-04-30": {
            "date": "2013-04-30",
            "filing_date": "2013-04-30",
            "currency_symbol": "CAD",
            "researchDevelopment": null,
            "effectOfAccountingCharges": null,
            "incomeBeforeTax": "2532000000.00",
            "minorityInterest": null,
            "netIncome": "1912000000.00",
            "sellingGeneralAdministrative": "3489000000.00",
            "sellingAndMarketingExpenses": null,
            "grossProfit": "6829000000.00",
            "reconciledDepreciation": "114000000.00",
            "ebit": "4418000000.00",
            "ebitda": "4532000000.00",
            "depreciationAndAmortization": "114000000.00",
            "nonOperatingIncomeNetOther": null,
            "operatingIncome": "4418000000.00",
            "otherOperatingExpenses": "1473000000.00",
            "interestExpense": "1910000000.00",
            "taxProvision": null,
            "interestIncome": null,
            "netInterestIncome": null,
            "extraordinaryItems": null,
            "nonRecurring": null,
            "otherItems": null,
            "incomeTaxExpense": "596000000.00",
            "totalRevenue": "7767000000.00",
            "totalOperatingExpenses": "-2411000000.00",
            "costOfRevenue": "938000000.00",
            "totalOtherIncomeExpenseNet": "-90000000.00",
            "discontinuedOperations": null,
            "netIncomeFromContinuingOps": null,
            "netIncomeApplicableToCommonShares": null,
            "preferredStockAndOtherAdjustments": null
        },
        "2013-01-31": {
            "date": "2013-01-31",
            "filing_date": "2013-01-31",
            "currency_symbol": "CAD",
            "researchDevelopment": null,
            "effectOfAccountingCharges": null,
            "incomeBeforeTax": "2805000000.00",
            "minorityInterest": null,
            "netIncome": "2045000000.00",
            "sellingGeneralAdministrative": "3337000000.00",
            "sellingAndMarketingExpenses": null,
            "grossProfit": "7199000000.00",
            "reconciledDepreciation": "247000000.00",
            "ebit": "4772000000.00",
            "ebitda": "5019000000.00",
            "depreciationAndAmortization": "247000000.00",
            "nonOperatingIncomeNetOther": null,
            "operatingIncome": "4772000000.00",
            "otherOperatingExpenses": "1722000000.00",
            "interestExpense": "1992000000.00",
            "taxProvision": null,
            "interestIncome": null,
            "netInterestIncome": null,
            "extraordinaryItems": null,
            "nonRecurring": null,
            "otherItems": null,
            "incomeTaxExpense": "735000000.00",
            "totalRevenue": "7904000000.00",
            "totalOperatingExpenses": "-2427000000.00",
            "costOfRevenue": "705000000.00",
            "totalOtherIncomeExpenseNet": "-91000000.00",
            "discontinuedOperations": null,
            "netIncomeFromContinuingOps": null,
            "netIncomeApplicableToCommonShares": null,
            "preferredStockAndOtherAdjustments": null
        },
        "2012-10-31": {
            "date": "2012-10-31",
            "filing_date": "2012-10-31",
            "currency_symbol": "CAD",
            "researchDevelopment": null,
            "effectOfAccountingCharges": null,
            "incomeBeforeTax": "2513000000.00",
            "minorityInterest": null,
            "netIncome": "1888000000.00",
            "sellingGeneralAdministrative": "2348000000.00",
            "sellingAndMarketingExpenses": null,
            "grossProfit": "3899000000.00",
            "reconciledDepreciation": "-452000000.00",
            "ebit": "4517000000.00",
            "ebitda": "4065000000.00",
            "depreciationAndAmortization": "-452000000.00",
            "nonOperatingIncomeNetOther": null,
            "operatingIncome": "4517000000.00",
            "otherOperatingExpenses": "4239000000.00",
            "interestExpense": "2027000000.00",
            "taxProvision": null,
            "interestIncome": null,
            "netInterestIncome": null,
            "extraordinaryItems": null,
            "nonRecurring": null,
            "otherItems": null,
            "incomeTaxExpense": "602000000.00",
            "totalRevenue": "7520000000.00",
            "totalOperatingExpenses": "618000000.00",
            "costOfRevenue": "3621000000.00",
            "totalOtherIncomeExpenseNet": "-142000000.00",
            "discontinuedOperations": null,
            "netIncomeFromContinuingOps": null,
            "netIncomeApplicableToCommonShares": null,
            "preferredStockAndOtherAdjustments": null
        },
        "2012-07-31": {
            "date": "2012-07-31",
            "filing_date": "2012-07-31",
            "currency_symbol": "CAD",
            "researchDevelopment": null,
            "effectOfAccountingCharges": null,
            "incomeBeforeTax": "2673000000.00",
            "minorityInterest": null,
            "netIncome": "2216000000.00",
            "sellingGeneralAdministrative": "3570000000.00",
            "sellingAndMarketingExpenses": null,
            "grossProfit": "7747000000.00",
            "reconciledDepreciation": "105000000.00",
            "ebit": "4739000000.00",
            "ebitda": "4844000000.00",
            "depreciationAndAmortization": "105000000.00",
            "nonOperatingIncomeNetOther": null,
            "operatingIncome": "4739000000.00",
            "otherOperatingExpenses": "3008000000.00",
            "interestExpense": "2090000000.00",
            "taxProvision": null,
            "interestIncome": null,
            "netInterestIncome": null,
            "extraordinaryItems": null,
            "nonRecurring": null,
            "otherItems": null,
            "incomeTaxExpense": "433000000.00",
            "totalRevenue": "7747000000.00",
            "totalOperatingExpenses": "-3008000000.00",
            "costOfRevenue": null,
            "totalOtherIncomeExpenseNet": "-2066000000.00",
            "discontinuedOperations": null,
            "netIncomeFromContinuingOps": null,
            "netIncomeApplicableToCommonShares": null,
            "preferredStockAndOtherAdjustments": null
        },
        "2012-04-30": {
            "date": "2012-04-30",
            "filing_date": "2012-04-30",
            "currency_symbol": "CAD",
            "researchDevelopment": null,
            "effectOfAccountingCharges": null,
            "incomeBeforeTax": "2079000000.00",
            "minorityInterest": null,
            "netIncome": "1508000000.00",
            "sellingGeneralAdministrative": "3208000000.00",
            "sellingAndMarketingExpenses": null,
            "grossProfit": "6918000000.00",
            "reconciledDepreciation": "395000000.00",
            "ebit": "4093000000.00",
            "ebitda": "4488000000.00",
            "depreciationAndAmortization": "395000000.00",
            "nonOperatingIncomeNetOther": null,
            "operatingIncome": "4093000000.00",
            "otherOperatingExpenses": "2825000000.00",
            "interestExpense": "2069000000.00",
            "taxProvision": null,
            "interestIncome": null,
            "netInterestIncome": null,
            "extraordinaryItems": null,
            "nonRecurring": null,
            "otherItems": null,
            "incomeTaxExpense": "516000000.00",
            "totalRevenue": "6918000000.00",
            "totalOperatingExpenses": "-2825000000.00",
            "costOfRevenue": null,
            "totalOtherIncomeExpenseNet": "-2014000000.00",
            "discontinuedOperations": null,
            "netIncomeFromContinuingOps": null,
            "netIncomeApplicableToCommonShares": null,
            "preferredStockAndOtherAdjustments": null
        },
        "2012-01-31": {
            "date": "2012-01-31",
            "filing_date": "2012-01-31",
            "currency_symbol": "CAD",
            "researchDevelopment": null,
            "effectOfAccountingCharges": null,
            "incomeBeforeTax": "2425000000.00",
            "minorityInterest": null,
            "netIncome": "1830000000.00",
            "sellingGeneralAdministrative": "3782000000.00",
            "sellingAndMarketingExpenses": null,
            "grossProfit": "7574000000.00",
            "reconciledDepreciation": "252000000.00",
            "ebit": "4547000000.00",
            "ebitda": "4799000000.00",
            "depreciationAndAmortization": "252000000.00",
            "nonOperatingIncomeNetOther": null,
            "operatingIncome": "4547000000.00",
            "otherOperatingExpenses": "3027000000.00",
            "interestExpense": "2168000000.00",
            "taxProvision": null,
            "interestIncome": null,
            "netInterestIncome": null,
            "extraordinaryItems": null,
            "nonRecurring": null,
            "otherItems": null,
            "incomeTaxExpense": "549000000.00",
            "totalRevenue": "7574000000.00",
            "totalOperatingExpenses": "-3027000000.00",
            "costOfRevenue": null,
            "totalOtherIncomeExpenseNet": "-2122000000.00",
            "discontinuedOperations": null,
            "netIncomeFromContinuingOps": null,
            "netIncomeApplicableToCommonShares": null,
            "preferredStockAndOtherAdjustments": null
        },
        "2011-10-31": {
            "date": "2011-10-31",
            "filing_date": "2011-10-31",
            "currency_symbol": "CAD",
            "researchDevelopment": null,
            "effectOfAccountingCharges": null,
            "incomeBeforeTax": "2054000000.00",
            "minorityInterest": null,
            "netIncome": "1599000000.00",
            "sellingGeneralAdministrative": "2170000000.00",
            "sellingAndMarketingExpenses": null,
            "grossProfit": "3119000000.00",
            "reconciledDepreciation": "224000000.00",
            "ebit": "4007000000.00",
            "ebitda": "4231000000.00",
            "depreciationAndAmortization": "224000000.00",
            "nonOperatingIncomeNetOther": null,
            "operatingIncome": "4007000000.00",
            "otherOperatingExpenses": "4248000000.00",
            "interestExpense": "1981000000.00",
            "taxProvision": null,
            "interestIncome": null,
            "netInterestIncome": null,
            "extraordinaryItems": null,
            "nonRecurring": null,
            "otherItems": null,
            "incomeTaxExpense": "427000000.00",
            "totalRevenue": "6479000000.00",
            "totalOperatingExpenses": "888000000.00",
            "costOfRevenue": "3360000000.00",
            "totalOtherIncomeExpenseNet": "-1953000000.00",
            "discontinuedOperations": null,
            "netIncomeFromContinuingOps": null,
            "netIncomeApplicableToCommonShares": null,
            "preferredStockAndOtherAdjustments": null
        },
        "2011-07-31": {
            "date": "2011-07-31",
            "filing_date": "2011-07-31",
            "currency_symbol": "CAD",
            "researchDevelopment": null,
            "effectOfAccountingCharges": null,
            "incomeBeforeTax": "1935000000.00",
            "minorityInterest": null,
            "netIncome": "-92000000.00",
            "sellingGeneralAdministrative": "3389000000.00",
            "sellingAndMarketingExpenses": null,
            "grossProfit": "6790000000.00",
            "reconciledDepreciation": "171000000.00",
            "ebit": "2321000000.00",
            "ebitda": "2492000000.00",
            "depreciationAndAmortization": "171000000.00",
            "nonOperatingIncomeNetOther": null,
            "operatingIncome": "2321000000.00",
            "otherOperatingExpenses": "4469000000.00",
            "interestExpense": "2066000000.00",
            "taxProvision": null,
            "interestIncome": null,
            "netInterestIncome": null,
            "extraordinaryItems": null,
            "nonRecurring": null,
            "otherItems": null,
            "incomeTaxExpense": "347000000.00",
            "totalRevenue": "6790000000.00",
            "totalOperatingExpenses": "-4469000000.00",
            "costOfRevenue": null,
            "totalOtherIncomeExpenseNet": "-386000000.00",
            "discontinuedOperations": null,
            "netIncomeFromContinuingOps": null,
            "netIncomeApplicableToCommonShares": null,
            "preferredStockAndOtherAdjustments": null
        },
        "2011-04-30": {
            "date": "2011-04-30",
            "filing_date": "2011-04-30",
            "currency_symbol": "CAD",
            "researchDevelopment": null,
            "effectOfAccountingCharges": null,
            "incomeBeforeTax": "1932000000.00",
            "minorityInterest": null,
            "netIncome": "1506000000.00",
            "sellingGeneralAdministrative": "3565000000.00",
            "sellingAndMarketingExpenses": null,
            "grossProfit": "7132000000.00",
            "reconciledDepreciation": "239000000.00",
            "ebit": "4047000000.00",
            "ebitda": "4286000000.00",
            "depreciationAndAmortization": "239000000.00",
            "nonOperatingIncomeNetOther": null,
            "operatingIncome": "4047000000.00",
            "otherOperatingExpenses": "3085000000.00",
            "interestExpense": "2142000000.00",
            "taxProvision": null,
            "interestIncome": null,
            "netInterestIncome": null,
            "extraordinaryItems": null,
            "nonRecurring": null,
            "otherItems": null,
            "incomeTaxExpense": "399000000.00",
            "totalRevenue": "7132000000.00",
            "totalOperatingExpenses": "-3085000000.00",
            "costOfRevenue": null,
            "totalOtherIncomeExpenseNet": "-2115000000.00",
            "discontinuedOperations": null,
            "netIncomeFromContinuingOps": null,
            "netIncomeApplicableToCommonShares": null,
            "preferredStockAndOtherAdjustments": null
        },
        "2011-01-31": {
            "date": "2011-01-31",
            "filing_date": "2011-01-31",
            "currency_symbol": "CAD",
            "researchDevelopment": null,
            "effectOfAccountingCharges": null,
            "incomeBeforeTax": "2480000000.00",
            "minorityInterest": null,
            "netIncome": "1839000000.00",
            "sellingGeneralAdministrative": "3385000000.00",
            "sellingAndMarketingExpenses": null,
            "grossProfit": "7389000000.00",
            "reconciledDepreciation": "231000000.00",
            "ebit": "4666000000.00",
            "ebitda": "4897000000.00",
            "depreciationAndAmortization": "231000000.00",
            "nonOperatingIncomeNetOther": null,
            "operatingIncome": "4666000000.00",
            "otherOperatingExpenses": "2723000000.00",
            "interestExpense": "2215000000.00",
            "taxProvision": null,
            "interestIncome": null,
            "netInterestIncome": null,
            "extraordinaryItems": null,
            "nonRecurring": null,
            "otherItems": null,
            "incomeTaxExpense": "612000000.00",
            "totalRevenue": "7389000000.00",
            "totalOperatingExpenses": "-2723000000.00",
            "costOfRevenue": null,
            "totalOtherIncomeExpenseNet": "-2186000000.00",
            "discontinuedOperations": null,
            "netIncomeFromContinuingOps": null,
            "netIncomeApplicableToCommonShares": null,
            "preferredStockAndOtherAdjustments": null
        },
        "2010-10-31": {
            "date": "2010-10-31",
            "filing_date": "2010-10-31",
            "currency_symbol": "CAD",
            "researchDevelopment": null,
            "effectOfAccountingCharges": null,
            "incomeBeforeTax": "1529000000.00",
            "minorityInterest": null,
            "netIncome": "1121000000.00",
            "sellingGeneralAdministrative": "3085000000.00",
            "sellingAndMarketingExpenses": null,
            "grossProfit": "2094000000.00",
            "reconciledDepreciation": "-253000000.00",
            "ebit": "3558000000.00",
            "ebitda": "3305000000.00",
            "depreciationAndAmortization": "-253000000.00",
            "nonOperatingIncomeNetOther": null,
            "operatingIncome": "3558000000.00",
            "otherOperatingExpenses": "6572000000.00",
            "interestExpense": "2056000000.00",
            "taxProvision": null,
            "interestIncome": null,
            "netInterestIncome": null,
            "extraordinaryItems": null,
            "nonRecurring": null,
            "otherItems": null,
            "incomeTaxExpense": "381000000.00",
            "totalRevenue": "7202000000.00",
            "totalOperatingExpenses": "1464000000.00",
            "costOfRevenue": "5108000000.00",
            "totalOtherIncomeExpenseNet": "-2029000000.00",
            "discontinuedOperations": null,
            "netIncomeFromContinuingOps": null,
            "netIncomeApplicableToCommonShares": null,
            "preferredStockAndOtherAdjustments": null
        },
        "2010-07-31": {
            "date": "2010-07-31",
            "filing_date": "2010-07-31",
            "currency_symbol": "CAD",
            "researchDevelopment": null,
            "effectOfAccountingCharges": null,
            "incomeBeforeTax": "1559000000.00",
            "minorityInterest": null,
            "netIncome": "1276000000.00",
            "sellingGeneralAdministrative": "3645000000.00",
            "sellingAndMarketingExpenses": null,
            "grossProfit": "6827000000.00",
            "reconciledDepreciation": "225000000.00",
            "ebit": "3417000000.00",
            "ebitda": "3642000000.00",
            "depreciationAndAmortization": "225000000.00",
            "nonOperatingIncomeNetOther": null,
            "operatingIncome": "3417000000.00",
            "otherOperatingExpenses": "3410000000.00",
            "interestExpense": "1884000000.00",
            "taxProvision": null,
            "interestIncome": null,
            "netInterestIncome": null,
            "extraordinaryItems": null,
            "nonRecurring": null,
            "otherItems": null,
            "incomeTaxExpense": "257000000.00",
            "totalRevenue": "6827000000.00",
            "totalOperatingExpenses": "-3410000000.00",
            "costOfRevenue": null,
            "totalOtherIncomeExpenseNet": "-1858000000.00",
            "discontinuedOperations": null,
            "netIncomeFromContinuingOps": null,
            "netIncomeApplicableToCommonShares": null,
            "preferredStockAndOtherAdjustments": null
        },
        "2010-04-30": {
            "date": "2010-04-30",
            "filing_date": "2010-04-30",
            "currency_symbol": "CAD",
            "researchDevelopment": null,
            "effectOfAccountingCharges": null,
            "incomeBeforeTax": "1795000000.00",
            "minorityInterest": null,
            "netIncome": "1329000000.00",
            "sellingGeneralAdministrative": "3508000000.00",
            "sellingAndMarketingExpenses": null,
            "grossProfit": "6967000000.00",
            "reconciledDepreciation": "219000000.00",
            "ebit": "3609000000.00",
            "ebitda": "3828000000.00",
            "depreciationAndAmortization": "219000000.00",
            "nonOperatingIncomeNetOther": null,
            "operatingIncome": "3609000000.00",
            "otherOperatingExpenses": "3358000000.00",
            "interestExpense": "1837000000.00",
            "taxProvision": null,
            "interestIncome": null,
            "netInterestIncome": null,
            "extraordinaryItems": null,
            "nonRecurring": null,
            "otherItems": null,
            "incomeTaxExpense": "443000000.00",
            "totalRevenue": "6967000000.00",
            "totalOperatingExpenses": "-3358000000.00",
            "costOfRevenue": null,
            "totalOtherIncomeExpenseNet": "-1814000000.00",
            "discontinuedOperations": null,
            "netIncomeFromContinuingOps": null,
            "netIncomeApplicableToCommonShares": null,
            "preferredStockAndOtherAdjustments": null
        },
        "2010-01-31": {
            "date": "2010-01-31",
            "filing_date": "2010-01-31",
            "currency_symbol": "CAD",
            "researchDevelopment": null,
            "effectOfAccountingCharges": null,
            "incomeBeforeTax": "2085000000.00",
            "minorityInterest": null,
            "netIncome": "1497000000.00",
            "sellingGeneralAdministrative": "3694000000.00",
            "sellingAndMarketingExpenses": null,
            "grossProfit": "7334000000.00",
            "reconciledDepreciation": "219000000.00",
            "ebit": "3981000000.00",
            "ebitda": "4200000000.00",
            "depreciationAndAmortization": "219000000.00",
            "nonOperatingIncomeNetOther": null,
            "operatingIncome": "3981000000.00",
            "otherOperatingExpenses": "3353000000.00",
            "interestExpense": "1919000000.00",
            "taxProvision": null,
            "interestIncome": null,
            "netInterestIncome": null,
            "extraordinaryItems": null,
            "nonRecurring": null,
            "otherItems": null,
            "incomeTaxExpense": "565000000.00",
            "totalRevenue": "7334000000.00",
            "totalOperatingExpenses": "-3353000000.00",
            "costOfRevenue": null,
            "totalOtherIncomeExpenseNet": "-1896000000.00",
            "discontinuedOperations": null,
            "netIncomeFromContinuingOps": null,
            "netIncomeApplicableToCommonShares": null,
            "preferredStockAndOtherAdjustments": null
        },
        "2009-10-31": {
            "date": "2009-10-31",
            "filing_date": "2009-10-31",
            "currency_symbol": "CAD",
            "researchDevelopment": null,
            "effectOfAccountingCharges": null,
            "incomeBeforeTax": "1731000000.00",
            "minorityInterest": null,
            "netIncome": "1294000000.00",
            "sellingGeneralAdministrative": "2899000000.00",
            "sellingAndMarketingExpenses": null,
            "grossProfit": "2972000000.00",
            "reconciledDepreciation": "-1244000000.00",
            "ebit": "3599000000.00",
            "ebitda": "2355000000.00",
            "depreciationAndAmortization": "-1244000000.00",
            "nonOperatingIncomeNetOther": null,
            "operatingIncome": "3599000000.00",
            "otherOperatingExpenses": "5236000000.00",
            "interestExpense": "1890000000.00",
            "taxProvision": null,
            "interestIncome": null,
            "netInterestIncome": null,
            "extraordinaryItems": null,
            "nonRecurring": null,
            "otherItems": null,
            "incomeTaxExpense": "415000000.00",
            "totalRevenue": "7581000000.00",
            "totalOperatingExpenses": "627000000.00",
            "costOfRevenue": "4609000000.00",
            "totalOtherIncomeExpenseNet": "-1868000000.00",
            "discontinuedOperations": null,
            "netIncomeFromContinuingOps": null,
            "netIncomeApplicableToCommonShares": null,
            "preferredStockAndOtherAdjustments": null
        },
        "2009-07-31": {
            "date": "2009-07-31",
            "filing_date": "2009-07-31",
            "currency_symbol": "CAD",
            "researchDevelopment": null,
            "effectOfAccountingCharges": null,
            "incomeBeforeTax": "2045000000.00",
            "minorityInterest": null,
            "netIncome": "1561000000.00",
            "sellingGeneralAdministrative": "3802000000.00",
            "sellingAndMarketingExpenses": null,
            "grossProfit": "7823000000.00",
            "reconciledDepreciation": "214000000.00",
            "ebit": "3925000000.00",
            "ebitda": "4139000000.00",
            "depreciationAndAmortization": "214000000.00",
            "nonOperatingIncomeNetOther": null,
            "operatingIncome": "3925000000.00",
            "otherOperatingExpenses": "3898000000.00",
            "interestExpense": "1915000000.00",
            "taxProvision": null,
            "interestIncome": null,
            "netInterestIncome": null,
            "extraordinaryItems": null,
            "nonRecurring": null,
            "otherItems": null,
            "incomeTaxExpense": "449000000.00",
            "totalRevenue": "7823000000.00",
            "totalOperatingExpenses": "-3898000000.00",
            "costOfRevenue": null,
            "totalOtherIncomeExpenseNet": "-1880000000.00",
            "discontinuedOperations": null,
            "netIncomeFromContinuingOps": null,
            "netIncomeApplicableToCommonShares": null,
            "preferredStockAndOtherAdjustments": null
        },
        "2009-04-30": {
            "date": "2009-04-30",
            "filing_date": "2009-04-30",
            "currency_symbol": "CAD",
            "researchDevelopment": null,
            "effectOfAccountingCharges": null,
            "incomeBeforeTax": "254000000.00",
            "minorityInterest": null,
            "netIncome": "-50000000.00",
            "sellingGeneralAdministrative": "3350000000.00",
            "sellingAndMarketingExpenses": null,
            "grossProfit": "6761000000.00",
            "reconciledDepreciation": "1213739430.00",
            "ebit": "2450000000.00",
            "ebitda": "3663739430.00",
            "depreciationAndAmortization": "1213739430.00",
            "nonOperatingIncomeNetOther": null,
            "operatingIncome": "2450000000.00",
            "otherOperatingExpenses": "4311000000.00",
            "interestExpense": "2234000000.00",
            "taxProvision": null,
            "interestIncome": null,
            "netInterestIncome": null,
            "extraordinaryItems": null,
            "nonRecurring": null,
            "otherItems": null,
            "incomeTaxExpense": "266000000.00",
            "totalRevenue": "6761000000.00",
            "totalOperatingExpenses": "-4311000000.00",
            "costOfRevenue": null,
            "totalOtherIncomeExpenseNet": "-2196000000.00",
            "discontinuedOperations": null,
            "netIncomeFromContinuingOps": null,
            "netIncomeApplicableToCommonShares": null,
            "preferredStockAndOtherAdjustments": null
        },
        "2009-01-31": {
            "date": "2009-01-31",
            "filing_date": "2009-01-31",
            "currency_symbol": "CAD",
            "researchDevelopment": null,
            "effectOfAccountingCharges": null,
            "incomeBeforeTax": "1490904621.00",
            "minorityInterest": null,
            "netIncome": "1053343166.00",
            "sellingGeneralAdministrative": "3536135693.00",
            "sellingAndMarketingExpenses": null,
            "grossProfit": "6940757129.00",
            "reconciledDepreciation": "205260570.00",
            "ebit": "4488692232.00",
            "ebitda": "4693952802.00",
            "depreciationAndAmortization": "205260570.00",
            "nonOperatingIncomeNetOther": null,
            "operatingIncome": "4488692232.00",
            "otherOperatingExpenses": "2452064897.00",
            "interestExpense": "2997787611.00",
            "taxProvision": null,
            "interestIncome": null,
            "netInterestIncome": null,
            "extraordinaryItems": null,
            "nonRecurring": null,
            "otherItems": null,
            "incomeTaxExpense": "437561455.00",
            "totalRevenue": "6940757129.00",
            "totalOperatingExpenses": "-2452064897.00",
            "costOfRevenue": null,
            "totalOtherIncomeExpenseNet": "-2997787611.00",
            "discontinuedOperations": null,
            "netIncomeFromContinuingOps": null,
            "netIncomeApplicableToCommonShares": null,
            "preferredStockAndOtherAdjustments": null
        },
        "2008-10-31": {
            "date": "2008-10-31",
            "filing_date": "2008-10-31",
            "currency_symbol": "CAD",
            "researchDevelopment": null,
            "effectOfAccountingCharges": null,
            "incomeBeforeTax": "1629360286.00",
            "minorityInterest": null,
            "netIncome": "1119994882.00",
            "sellingGeneralAdministrative": "1867523030.00",
            "sellingAndMarketingExpenses": null,
            "grossProfit": "3438205731.00",
            "reconciledDepreciation": "194982600.00",
            "ebit": "5107590582.00",
            "ebitda": "5302573182.00",
            "depreciationAndAmortization": "194982600.00",
            "nonOperatingIncomeNetOther": null,
            "operatingIncome": "5107590582.00",
            "otherOperatingExpenses": "3300384851.00",
            "interestExpense": "3559230296.00",
            "taxProvision": null,
            "interestIncome": null,
            "netInterestIncome": null,
            "extraordinaryItems": null,
            "nonRecurring": null,
            "otherItems": null,
            "incomeTaxExpense": "428365404.00",
            "totalRevenue": "5069205731.00",
            "totalOperatingExpenses": "1669384851.00",
            "costOfRevenue": "1631000000.00",
            "totalOtherIncomeExpenseNet": "-3478230296.00",
            "discontinuedOperations": null,
            "netIncomeFromContinuingOps": null,
            "netIncomeApplicableToCommonShares": null,
            "preferredStockAndOtherAdjustments": null
        },
        "2008-07-31": {
            "date": "2008-07-31",
            "filing_date": "2008-07-31",
            "currency_symbol": "CAD",
            "researchDevelopment": null,
            "effectOfAccountingCharges": null,
            "incomeBeforeTax": "1704196520.00",
            "minorityInterest": null,
            "netIncome": "1262026612.00",
            "sellingGeneralAdministrative": "2585465711.00",
            "sellingAndMarketingExpenses": null,
            "grossProfit": "5911975435.00",
            "reconciledDepreciation": "173612538.00",
            "ebit": "5313203685.00",
            "ebitda": "5486816223.00",
            "depreciationAndAmortization": "173612538.00",
            "nonOperatingIncomeNetOther": null,
            "operatingIncome": "5313203685.00",
            "otherOperatingExpenses": "598771750.00",
            "interestExpense": "3609007165.00",
            "taxProvision": null,
            "interestIncome": null,
            "netInterestIncome": null,
            "extraordinaryItems": null,
            "nonRecurring": null,
            "otherItems": null,
            "incomeTaxExpense": "442169908.00",
            "totalRevenue": "5911975435.00",
            "totalOperatingExpenses": "-598771750.00",
            "costOfRevenue": null,
            "totalOtherIncomeExpenseNet": "-3609007165.00",
            "discontinuedOperations": null,
            "netIncomeFromContinuingOps": null,
            "netIncomeApplicableToCommonShares": null,
            "preferredStockAndOtherAdjustments": null
        },
        "2008-04-30": {
            "date": "2008-04-30",
            "filing_date": "2008-04-30",
            "currency_symbol": "CAD",
            "researchDevelopment": null,
            "effectOfAccountingCharges": null,
            "incomeBeforeTax": "1083986337.00",
            "minorityInterest": null,
            "netIncome": "928270042.00",
            "sellingGeneralAdministrative": "2347799879.00",
            "sellingAndMarketingExpenses": null,
            "grossProfit": "4954792043.00",
            "reconciledDepreciation": "162834581.00",
            "ebit": "5250150693.00",
            "ebitda": "5412985274.00",
            "depreciationAndAmortization": "162834581.00",
            "nonOperatingIncomeNetOther": null,
            "operatingIncome": "5250150693.00",
            "otherOperatingExpenses": "295358650.00",
            "interestExpense": "4166164356.00",
            "taxProvision": null,
            "interestIncome": null,
            "netInterestIncome": null,
            "extraordinaryItems": null,
            "nonRecurring": null,
            "otherItems": null,
            "incomeTaxExpense": "155716295.00",
            "totalRevenue": "4954792043.00",
            "totalOperatingExpenses": "295358650.00",
            "costOfRevenue": null,
            "totalOtherIncomeExpenseNet": "-4166164356.00",
            "discontinuedOperations": null,
            "netIncomeFromContinuingOps": null,
            "netIncomeApplicableToCommonShares": null,
            "preferredStockAndOtherAdjustments": null
        },
        "2008-01-31": {
            "date": "2008-01-31",
            "filing_date": "2008-01-31",
            "currency_symbol": "CAD",
            "researchDevelopment": null,
            "effectOfAccountingCharges": null,
            "incomeBeforeTax": "1588353414.00",
            "minorityInterest": null,
            "netIncome": "1244979920.00",
            "sellingGeneralAdministrative": "2152610442.00",
            "sellingAndMarketingExpenses": null,
            "grossProfit": "5646586345.00",
            "reconciledDepreciation": "142570281.00",
            "ebit": "6238955824.00",
            "ebitda": "6381526105.00",
            "depreciationAndAmortization": "142570281.00",
            "nonOperatingIncomeNetOther": null,
            "operatingIncome": "6238955824.00",
            "otherOperatingExpenses": "592369479.00",
            "interestExpense": "4650602410.00",
            "taxProvision": null,
            "interestIncome": null,
            "netInterestIncome": null,
            "extraordinaryItems": null,
            "nonRecurring": null,
            "otherItems": null,
            "incomeTaxExpense": "343373494.00",
            "totalRevenue": "5646586345.00",
            "totalOperatingExpenses": "592369479.00",
            "costOfRevenue": null,
            "totalOtherIncomeExpenseNet": "-4650602410.00",
            "discontinuedOperations": null,
            "netIncomeFromContinuingOps": null,
            "netIncomeApplicableToCommonShares": null,
            "preferredStockAndOtherAdjustments": null
        },
        "2007-10-31": {
            "date": "2007-10-31",
            "filing_date": "2007-10-31",
            "currency_symbol": "CAD",
            "researchDevelopment": null,
            "effectOfAccountingCharges": null,
            "incomeBeforeTax": "1578848395.00",
            "minorityInterest": null,
            "netIncome": "1324564573.00",
            "sellingGeneralAdministrative": "2476938648.00",
            "sellingAndMarketingExpenses": null,
            "grossProfit": "5615415971.00",
            "reconciledDepreciation": "141081203.00",
            "ebit": "6080281177.00",
            "ebitda": "6221362380.00",
            "depreciationAndAmortization": "141081203.00",
            "nonOperatingIncomeNetOther": null,
            "operatingIncome": "6080281177.00",
            "otherOperatingExpenses": "464865206.00",
            "interestExpense": "4501432782.00",
            "taxProvision": null,
            "interestIncome": null,
            "netInterestIncome": null,
            "extraordinaryItems": null,
            "nonRecurring": null,
            "otherItems": null,
            "incomeTaxExpense": "254283822.00",
            "totalRevenue": "5615415971.00",
            "totalOperatingExpenses": "464865206.00",
            "costOfRevenue": null,
            "totalOtherIncomeExpenseNet": "-4501432782.00",
            "discontinuedOperations": null,
            "netIncomeFromContinuingOps": null,
            "netIncomeApplicableToCommonShares": null,
            "preferredStockAndOtherAdjustments": null
        },
        "2007-07-31": {
            "date": "2007-07-31",
            "filing_date": "2007-07-31",
            "currency_symbol": "CAD",
            "researchDevelopment": null,
            "effectOfAccountingCharges": null,
            "incomeBeforeTax": "1744223192.00",
            "minorityInterest": null,
            "netIncome": "1394952614.00",
            "sellingGeneralAdministrative": "2335214567.00",
            "sellingAndMarketingExpenses": null,
            "grossProfit": "5480779470.00",
            "reconciledDepreciation": "133539665.00",
            "ebit": "6663827068.00",
            "ebitda": "6797366733.00",
            "depreciationAndAmortization": "133539665.00",
            "nonOperatingIncomeNetOther": null,
            "operatingIncome": "6663827068.00",
            "otherOperatingExpenses": "1183047598.00",
            "interestExpense": "4919603876.00",
            "taxProvision": null,
            "interestIncome": null,
            "netInterestIncome": null,
            "extraordinaryItems": null,
            "nonRecurring": null,
            "otherItems": null,
            "incomeTaxExpense": "349270578.00",
            "totalRevenue": "5480779470.00",
            "totalOperatingExpenses": "1183047598.00",
            "costOfRevenue": null,
            "totalOtherIncomeExpenseNet": "-4919603876.00",
            "discontinuedOperations": null,
            "netIncomeFromContinuingOps": null,
            "netIncomeApplicableToCommonShares": null,
            "preferredStockAndOtherAdjustments": null
        },
        "2007-04-30": {
            "date": "2007-04-30",
            "filing_date": "2007-04-30",
            "currency_symbol": "CAD",
            "researchDevelopment": null,
            "effectOfAccountingCharges": null,
            "incomeBeforeTax": "1631724903.00",
            "minorityInterest": null,
            "netIncome": "1278979479.00",
            "sellingGeneralAdministrative": "2725457571.00",
            "sellingAndMarketingExpenses": null,
            "grossProfit": "5669439823.00",
            "reconciledDepreciation": "131673548.00",
            "ebit": "6478092069.00",
            "ebitda": "6609765617.00",
            "depreciationAndAmortization": "131673548.00",
            "nonOperatingIncomeNetOther": null,
            "operatingIncome": "6478092069.00",
            "otherOperatingExpenses": "808652246.00",
            "interestExpense": "4846367166.00",
            "taxProvision": null,
            "interestIncome": null,
            "netInterestIncome": null,
            "extraordinaryItems": null,
            "nonRecurring": null,
            "otherItems": null,
            "incomeTaxExpense": "352745424.00",
            "totalRevenue": "5669439823.00",
            "totalOperatingExpenses": "808652246.00",
            "costOfRevenue": null,
            "totalOtherIncomeExpenseNet": "-4846367166.00",
            "discontinuedOperations": null,
            "netIncomeFromContinuingOps": null,
            "netIncomeApplicableToCommonShares": null,
            "preferredStockAndOtherAdjustments": null
        },
        "2007-01-31": {
            "date": "2007-01-31",
            "filing_date": "2007-01-31",
            "currency_symbol": "CAD",
            "researchDevelopment": null,
            "effectOfAccountingCharges": null,
            "incomeBeforeTax": "1929453263.00",
            "minorityInterest": null,
            "netIncome": "1494415050.00",
            "sellingGeneralAdministrative": "2549088771.00",
            "sellingAndMarketingExpenses": null,
            "grossProfit": "5697824810.00",
            "reconciledDepreciation": "123456790.00",
            "ebit": "6506760729.00",
            "ebitda": "6630217519.00",
            "depreciationAndAmortization": "123456790.00",
            "nonOperatingIncomeNetOther": null,
            "operatingIncome": "6506760729.00",
            "otherOperatingExpenses": "808935919.00",
            "interestExpense": "4577307466.00",
            "taxProvision": null,
            "interestIncome": null,
            "netInterestIncome": null,
            "extraordinaryItems": null,
            "nonRecurring": null,
            "otherItems": null,
            "incomeTaxExpense": "435038213.00",
            "totalRevenue": "5697824810.00",
            "totalOperatingExpenses": "808935919.00",
            "costOfRevenue": null,
            "totalOtherIncomeExpenseNet": "-4577307466.00",
            "discontinuedOperations": null,
            "netIncomeFromContinuingOps": null,
            "netIncomeApplicableToCommonShares": null,
            "preferredStockAndOtherAdjustments": null
        },
        "2006-10-31": {
            "date": "2006-10-31",
            "filing_date": "2006-10-31",
            "currency_symbol": "CAD",
            "researchDevelopment": null,
            "effectOfAccountingCharges": null,
            "incomeBeforeTax": "1604728349.00",
            "minorityInterest": null,
            "netIncome": "1262601370.00",
            "sellingGeneralAdministrative": "2439326660.00",
            "sellingAndMarketingExpenses": null,
            "grossProfit": "5349342903.00",
            "reconciledDepreciation": "128338315.00",
            "ebit": "5992326395.00",
            "ebitda": "6120664710.00",
            "depreciationAndAmortization": "128338315.00",
            "nonOperatingIncomeNetOther": null,
            "operatingIncome": "5992326395.00",
            "otherOperatingExpenses": "642983492.00",
            "interestExpense": "4388485178.00",
            "taxProvision": null,
            "interestIncome": null,
            "netInterestIncome": null,
            "extraordinaryItems": null,
            "nonRecurring": null,
            "otherItems": null,
            "incomeTaxExpense": "341239847.00",
            "totalRevenue": "5349342903.00",
            "totalOperatingExpenses": "642983492.00",
            "costOfRevenue": null,
            "totalOtherIncomeExpenseNet": "-4387598046.00",
            "discontinuedOperations": null,
            "netIncomeFromContinuingOps": null,
            "netIncomeApplicableToCommonShares": null,
            "preferredStockAndOtherAdjustments": null
        },
        "2006-07-31": {
            "date": "2006-07-31",
            "filing_date": "2006-07-31",
            "currency_symbol": "CAD",
            "researchDevelopment": null,
            "effectOfAccountingCharges": null,
            "incomeBeforeTax": "1574838783.00",
            "minorityInterest": null,
            "netIncome": "1176603688.00",
            "sellingGeneralAdministrative": "2474261794.00",
            "sellingAndMarketingExpenses": null,
            "grossProfit": "5206471321.00",
            "reconciledDepreciation": "121876942.00",
            "ebit": "5640909605.00",
            "ebitda": "5762786547.00",
            "depreciationAndAmortization": "121876942.00",
            "nonOperatingIncomeNetOther": null,
            "operatingIncome": "5640909605.00",
            "otherOperatingExpenses": "434438284.00",
            "interestExpense": "4083041068.00",
            "taxProvision": null,
            "interestIncome": null,
            "netInterestIncome": null,
            "extraordinaryItems": null,
            "nonRecurring": null,
            "otherItems": null,
            "incomeTaxExpense": "381264849.00",
            "totalRevenue": "5206471321.00",
            "totalOperatingExpenses": "434438284.00",
            "costOfRevenue": null,
            "totalOtherIncomeExpenseNet": "-4066070822.00",
            "discontinuedOperations": null,
            "netIncomeFromContinuingOps": null,
            "netIncomeApplicableToCommonShares": null,
            "preferredStockAndOtherAdjustments": null
        },
        "2006-04-30": {
            "date": "2006-04-30",
            "filing_date": "2006-04-30",
            "currency_symbol": "CAD",
            "researchDevelopment": null,
            "effectOfAccountingCharges": null,
            "incomeBeforeTax": "1475940605.00",
            "minorityInterest": null,
            "netIncome": "1117561684.00",
            "sellingGeneralAdministrative": "2488556436.00",
            "sellingAndMarketingExpenses": null,
            "grossProfit": "5122250753.00",
            "reconciledDepreciation": "119588461.00",
            "ebit": "5106620521.00",
            "ebitda": "5226208982.00",
            "depreciationAndAmortization": "119588461.00",
            "nonOperatingIncomeNetOther": null,
            "operatingIncome": "5106620521.00",
            "otherOperatingExpenses": "15630232.00",
            "interestExpense": "3640727923.00",
            "taxProvision": null,
            "interestIncome": null,
            "netInterestIncome": null,
            "extraordinaryItems": null,
            "nonRecurring": null,
            "otherItems": null,
            "incomeTaxExpense": "348330914.00",
            "totalRevenue": "5122250753.00",
            "totalOperatingExpenses": "-15630232.00",
            "costOfRevenue": null,
            "totalOtherIncomeExpenseNet": "-3630679916.00",
            "discontinuedOperations": null,
            "netIncomeFromContinuingOps": null,
            "netIncomeApplicableToCommonShares": null,
            "preferredStockAndOtherAdjustments": null
        },
        "2006-01-31": {
            "date": "2006-01-31",
            "filing_date": "2006-01-31",
            "currency_symbol": "CAD",
            "researchDevelopment": null,
            "effectOfAccountingCharges": null,
            "incomeBeforeTax": "1504324078.00",
            "minorityInterest": null,
            "netIncome": "1170914884.00",
            "sellingGeneralAdministrative": "2463586709.00",
            "sellingAndMarketingExpenses": null,
            "grossProfit": "4977241694.00",
            "reconciledDepreciation": "111515703.00",
            "ebit": "4799726900.00",
            "ebitda": "4911242603.00",
            "depreciationAndAmortization": "111515703.00",
            "nonOperatingIncomeNetOther": null,
            "operatingIncome": "4799726900.00",
            "otherOperatingExpenses": "177514794.00",
            "interestExpense": "3296540737.00",
            "taxProvision": null,
            "interestIncome": null,
            "netInterestIncome": null,
            "extraordinaryItems": null,
            "nonRecurring": null,
            "otherItems": null,
            "incomeTaxExpense": "332271279.00",
            "totalRevenue": "4977241694.00",
            "totalOperatingExpenses": "-177514794.00",
            "costOfRevenue": null,
            "totalOtherIncomeExpenseNet": "-3295402822.00",
            "discontinuedOperations": null,
            "netIncomeFromContinuingOps": null,
            "netIncomeApplicableToCommonShares": null,
            "preferredStockAndOtherAdjustments": null
        },
        "2005-10-31": {
            "date": "2005-10-31",
            "filing_date": "2005-10-31",
            "currency_symbol": "CAD",
            "researchDevelopment": null,
            "effectOfAccountingCharges": null,
            "incomeBeforeTax": "632560010.00",
            "minorityInterest": null,
            "netIncome": "522459897.00",
            "sellingGeneralAdministrative": "2386879667.00",
            "sellingAndMarketingExpenses": null,
            "grossProfit": "4816551835.00",
            "reconciledDepreciation": "101611156.00",
            "ebit": "3660388887.00",
            "ebitda": "3762000043.00",
            "depreciationAndAmortization": "101611156.00",
            "nonOperatingIncomeNetOther": null,
            "operatingIncome": "3660388887.00",
            "otherOperatingExpenses": "1156162948.00",
            "interestExpense": "3048034953.00",
            "taxProvision": null,
            "interestIncome": null,
            "netInterestIncome": null,
            "extraordinaryItems": null,
            "nonRecurring": null,
            "otherItems": null,
            "incomeTaxExpense": "89894037.00",
            "totalRevenue": "4816551835.00",
            "totalOperatingExpenses": "-1156162948.00",
            "costOfRevenue": null,
            "totalOtherIncomeExpenseNet": "-3027828877.00",
            "discontinuedOperations": null,
            "netIncomeFromContinuingOps": null,
            "netIncomeApplicableToCommonShares": null,
            "preferredStockAndOtherAdjustments": null
        },
        "2005-07-31": {
            "date": "2005-07-31",
            "filing_date": "2005-07-31",
            "currency_symbol": "CAD",
            "researchDevelopment": null,
            "effectOfAccountingCharges": null,
            "incomeBeforeTax": "1393412514.00",
            "minorityInterest": null,
            "netIncome": "979551855.00",
            "sellingGeneralAdministrative": "2404799804.00",
            "sellingAndMarketingExpenses": null,
            "grossProfit": "4938165789.00",
            "reconciledDepreciation": "119361138.00",
            "ebit": "3951267295.00",
            "ebitda": "4070628433.00",
            "depreciationAndAmortization": "119361138.00",
            "nonOperatingIncomeNetOther": null,
            "operatingIncome": "3951267295.00",
            "otherOperatingExpenses": "986898494.00",
            "interestExpense": "2579894698.00",
            "taxProvision": null,
            "interestIncome": null,
            "netInterestIncome": null,
            "extraordinaryItems": null,
            "nonRecurring": null,
            "otherItems": null,
            "incomeTaxExpense": "391820742.00",
            "totalRevenue": "4938165789.00",
            "totalOperatingExpenses": "-986898494.00",
            "costOfRevenue": null,
            "totalOtherIncomeExpenseNet": "-2557854781.00",
            "discontinuedOperations": null,
            "netIncomeFromContinuingOps": null,
            "netIncomeApplicableToCommonShares": null,
            "preferredStockAndOtherAdjustments": null
        },
        "2005-04-30": {
            "date": "2005-04-30",
            "filing_date": "2005-04-30",
            "currency_symbol": "CAD",
            "researchDevelopment": null,
            "effectOfAccountingCharges": null,
            "incomeBeforeTax": "1254408061.00",
            "minorityInterest": null,
            "netIncome": "906801008.00",
            "sellingGeneralAdministrative": "1732997481.00",
            "sellingAndMarketingExpenses": null,
            "grossProfit": "4734256927.00",
            "reconciledDepreciation": "137640153.00",
            "ebit": "3554156172.00",
            "ebitda": "3691796325.00",
            "depreciationAndAmortization": "137640153.00",
            "nonOperatingIncomeNetOther": null,
            "operatingIncome": "3554156172.00",
            "otherOperatingExpenses": "1180100755.00",
            "interestExpense": "2299748111.00",
            "taxProvision": null,
            "interestIncome": null,
            "netInterestIncome": null,
            "extraordinaryItems": null,
            "nonRecurring": null,
            "otherItems": null,
            "incomeTaxExpense": "347607053.00",
            "totalRevenue": "4734256927.00",
            "totalOperatingExpenses": "-1180100755.00",
            "costOfRevenue": null,
            "totalOtherIncomeExpenseNet": "-2299748111.00",
            "discontinuedOperations": null,
            "netIncomeFromContinuingOps": null,
            "netIncomeApplicableToCommonShares": null,
            "preferredStockAndOtherAdjustments": null
        },
        "2005-01-31": {
            "date": "2005-01-31",
            "filing_date": "2005-01-31",
            "currency_symbol": "CAD",
            "researchDevelopment": null,
            "effectOfAccountingCharges": null,
            "incomeBeforeTax": "1420243116.00",
            "minorityInterest": null,
            "netIncome": "978665344.00",
            "sellingGeneralAdministrative": "1731580253.00",
            "sellingAndMarketingExpenses": null,
            "grossProfit": "4827586207.00",
            "reconciledDepreciation": "105432895.00",
            "ebit": "3533862565.00",
            "ebitda": "3639295460.00",
            "depreciationAndAmortization": "105432895.00",
            "nonOperatingIncomeNetOther": null,
            "operatingIncome": "3533862565.00",
            "otherOperatingExpenses": "1293723642.00",
            "interestExpense": "2113619449.00",
            "taxProvision": null,
            "interestIncome": null,
            "netInterestIncome": null,
            "extraordinaryItems": null,
            "nonRecurring": null,
            "otherItems": null,
            "incomeTaxExpense": "441577772.00",
            "totalRevenue": "4827586207.00",
            "totalOperatingExpenses": "-1293723642.00",
            "costOfRevenue": null,
            "totalOtherIncomeExpenseNet": "-2113619449.00",
            "discontinuedOperations": null,
            "netIncomeFromContinuingOps": null,
            "netIncomeApplicableToCommonShares": null,
            "preferredStockAndOtherAdjustments": null
        },
        "2004-10-31": {
            "date": "2004-10-31",
            "filing_date": "2004-10-31",
            "currency_symbol": "CAD",
            "researchDevelopment": null,
            "effectOfAccountingCharges": null,
            "incomeBeforeTax": "772897998.00",
            "minorityInterest": null,
            "netIncome": "518204264.00",
            "sellingGeneralAdministrative": "3859202833.00",
            "sellingAndMarketingExpenses": null,
            "grossProfit": "4641482701.00",
            "reconciledDepreciation": "51600773.00",
            "ebit": "2640413393.00",
            "ebitda": "2692014166.00",
            "depreciationAndAmortization": "51600773.00",
            "nonOperatingIncomeNetOther": null,
            "operatingIncome": "2640413393.00",
            "otherOperatingExpenses": "2001069308.00",
            "interestExpense": "1867515395.00",
            "taxProvision": null,
            "interestIncome": null,
            "netInterestIncome": null,
            "extraordinaryItems": null,
            "nonRecurring": null,
            "otherItems": null,
            "incomeTaxExpense": "254693734.00",
            "totalRevenue": "4641482701.00",
            "totalOperatingExpenses": "-2001069308.00",
            "costOfRevenue": null,
            "totalOtherIncomeExpenseNet": "-1867515395.00",
            "discontinuedOperations": null,
            "netIncomeFromContinuingOps": null,
            "netIncomeApplicableToCommonShares": null,
            "preferredStockAndOtherAdjustments": null
        },
        "2004-07-31": {
            "date": "2004-07-31",
            "filing_date": "2004-07-31",
            "currency_symbol": "CAD",
            "researchDevelopment": null,
            "effectOfAccountingCharges": null,
            "incomeBeforeTax": "1087159015.00",
            "minorityInterest": null,
            "netIncome": "746506986.00",
            "sellingGeneralAdministrative": "1713905522.00",
            "sellingAndMarketingExpenses": null,
            "grossProfit": "4572188955.00",
            "reconciledDepreciation": "117028523.00",
            "ebit": "2852960745.00",
            "ebitda": "2969989268.00",
            "depreciationAndAmortization": "117028523.00",
            "nonOperatingIncomeNetOther": null,
            "operatingIncome": "2852960745.00",
            "otherOperatingExpenses": "1719228210.00",
            "interestExpense": "1765801730.00",
            "taxProvision": null,
            "interestIncome": null,
            "netInterestIncome": null,
            "extraordinaryItems": null,
            "nonRecurring": null,
            "otherItems": null,
            "incomeTaxExpense": "340652029.00",
            "totalRevenue": "4572188955.00",
            "totalOperatingExpenses": "-1719228210.00",
            "costOfRevenue": null,
            "totalOtherIncomeExpenseNet": "-1765801730.00",
            "discontinuedOperations": null,
            "netIncomeFromContinuingOps": null,
            "netIncomeApplicableToCommonShares": null,
            "preferredStockAndOtherAdjustments": null
        },
        "2004-04-30": {
            "date": "2004-04-30",
            "filing_date": "2004-04-30",
            "currency_symbol": "CAD",
            "researchDevelopment": null,
            "effectOfAccountingCharges": null,
            "incomeBeforeTax": "1099684629.00",
            "minorityInterest": null,
            "netIncome": "762374880.00",
            "sellingGeneralAdministrative": "1729055258.00",
            "sellingAndMarketingExpenses": null,
            "grossProfit": "4541341013.00",
            "reconciledDepreciation": "113798688.00",
            "ebit": "2782119841.00",
            "ebitda": "2895918529.00",
            "depreciationAndAmortization": "113798688.00",
            "nonOperatingIncomeNetOther": null,
            "operatingIncome": "2782119841.00",
            "otherOperatingExpenses": "1759221172.00",
            "interestExpense": "1682435212.00",
            "taxProvision": null,
            "interestIncome": null,
            "netInterestIncome": null,
            "extraordinaryItems": null,
            "nonRecurring": null,
            "otherItems": null,
            "incomeTaxExpense": "337309749.00",
            "totalRevenue": "4541341013.00",
            "totalOperatingExpenses": "-1759221172.00",
            "costOfRevenue": null,
            "totalOtherIncomeExpenseNet": "-1682435212.00",
            "discontinuedOperations": null,
            "netIncomeFromContinuingOps": null,
            "netIncomeApplicableToCommonShares": null,
            "preferredStockAndOtherAdjustments": null
        },
        "2004-01-31": {
            "date": "2004-01-31",
            "filing_date": "2004-01-31",
            "currency_symbol": "CAD",
            "researchDevelopment": null,
            "effectOfAccountingCharges": null,
            "incomeBeforeTax": "1090524086.00",
            "minorityInterest": null,
            "netIncome": "790100582.00",
            "sellingGeneralAdministrative": "2128110111.00",
            "sellingAndMarketingExpenses": null,
            "grossProfit": "4366066702.00",
            "reconciledDepreciation": "113816834.00",
            "ebit": "2836156696.00",
            "ebitda": "2949973530.00",
            "depreciationAndAmortization": "113816834.00",
            "nonOperatingIncomeNetOther": null,
            "operatingIncome": "2836156696.00",
            "otherOperatingExpenses": "1529910006.00",
            "interestExpense": "1745632610.00",
            "taxProvision": null,
            "interestIncome": null,
            "netInterestIncome": null,
            "extraordinaryItems": null,
            "nonRecurring": null,
            "otherItems": null,
            "incomeTaxExpense": "300423504.00",
            "totalRevenue": "4366066702.00",
            "totalOperatingExpenses": "-1529910006.00",
            "costOfRevenue": null,
            "totalOtherIncomeExpenseNet": "-1745632610.00",
            "discontinuedOperations": null,
            "netIncomeFromContinuingOps": null,
            "netIncomeApplicableToCommonShares": null,
            "preferredStockAndOtherAdjustments": null
        },
        "2003-10-31": {
            "date": "2003-10-31",
            "filing_date": "2003-10-31",
            "currency_symbol": "CAD",
            "researchDevelopment": null,
            "effectOfAccountingCharges": null,
            "incomeBeforeTax": "1047013111.00",
            "minorityInterest": null,
            "netIncome": "746752173.00",
            "sellingGeneralAdministrative": "1603433867.00",
            "sellingAndMarketingExpenses": null,
            "grossProfit": "5543436203.00",
            "reconciledDepreciation": "114841296.00",
            "ebit": "2830689278.00",
            "ebitda": "2945530574.00",
            "depreciationAndAmortization": "114841296.00",
            "nonOperatingIncomeNetOther": null,
            "operatingIncome": "2830689278.00",
            "otherOperatingExpenses": "2712746925.00",
            "interestExpense": "1783676167.00",
            "taxProvision": null,
            "interestIncome": null,
            "netInterestIncome": null,
            "extraordinaryItems": null,
            "nonRecurring": null,
            "otherItems": null,
            "incomeTaxExpense": "300260938.00",
            "totalRevenue": "5543436203.00",
            "totalOperatingExpenses": "-2712746925.00",
            "costOfRevenue": null,
            "totalOtherIncomeExpenseNet": "-1783676167.00",
            "discontinuedOperations": null,
            "netIncomeFromContinuingOps": null,
            "netIncomeApplicableToCommonShares": null,
            "preferredStockAndOtherAdjustments": null
        },
        "2003-07-31": {
            "date": "2003-07-31",
            "filing_date": "2003-07-31",
            "currency_symbol": "CAD",
            "researchDevelopment": null,
            "effectOfAccountingCharges": null,
            "incomeBeforeTax": "1207430341.00",
            "minorityInterest": null,
            "netIncome": "782437377.00",
            "sellingGeneralAdministrative": "1629608781.00",
            "sellingAndMarketingExpenses": null,
            "grossProfit": "4024767802.00",
            "reconciledDepreciation": "114045614.00",
            "ebit": "3098789756.00",
            "ebitda": "3212835370.00",
            "depreciationAndAmortization": "114045614.00",
            "nonOperatingIncomeNetOther": null,
            "operatingIncome": "3098789756.00",
            "otherOperatingExpenses": "925978046.00",
            "interestExpense": "1891359415.00",
            "taxProvision": null,
            "interestIncome": null,
            "netInterestIncome": null,
            "extraordinaryItems": null,
            "nonRecurring": null,
            "otherItems": null,
            "incomeTaxExpense": "424992964.00",
            "totalRevenue": "4024767802.00",
            "totalOperatingExpenses": "-925978046.00",
            "costOfRevenue": null,
            "totalOtherIncomeExpenseNet": "-1891359415.00",
            "discontinuedOperations": null,
            "netIncomeFromContinuingOps": null,
            "netIncomeApplicableToCommonShares": null,
            "preferredStockAndOtherAdjustments": null
        },
        "2003-04-30": {
            "date": "2003-04-30",
            "filing_date": "2003-04-30",
            "currency_symbol": "CAD",
            "researchDevelopment": null,
            "effectOfAccountingCharges": null,
            "incomeBeforeTax": "1012458829.00",
            "minorityInterest": null,
            "netIncome": "697407991.00",
            "sellingGeneralAdministrative": "1573822139.00",
            "sellingAndMarketingExpenses": null,
            "grossProfit": "3813547186.00",
            "reconciledDepreciation": "120450456.00",
            "ebit": "2822569097.00",
            "ebitda": "2943019553.00",
            "depreciationAndAmortization": "120450456.00",
            "nonOperatingIncomeNetOther": null,
            "operatingIncome": "2822569097.00",
            "otherOperatingExpenses": "990978089.00",
            "interestExpense": "1810110268.00",
            "taxProvision": null,
            "interestIncome": null,
            "netInterestIncome": null,
            "extraordinaryItems": null,
            "nonRecurring": null,
            "otherItems": null,
            "incomeTaxExpense": "315050838.00",
            "totalRevenue": "3813547186.00",
            "totalOperatingExpenses": "-990978089.00",
            "costOfRevenue": null,
            "totalOtherIncomeExpenseNet": "-1810110268.00",
            "discontinuedOperations": null,
            "netIncomeFromContinuingOps": null,
            "netIncomeApplicableToCommonShares": null,
            "preferredStockAndOtherAdjustments": null
        },
        "2003-01-31": {
            "date": "2003-01-31",
            "filing_date": "2003-01-31",
            "currency_symbol": "CAD",
            "researchDevelopment": null,
            "effectOfAccountingCharges": null,
            "incomeBeforeTax": "1198296837.00",
            "minorityInterest": null,
            "netIncome": "778588808.00",
            "sellingGeneralAdministrative": "1640815085.00",
            "sellingAndMarketingExpenses": null,
            "grossProfit": "4037408759.00",
            "reconciledDepreciation": "120133820.00",
            "ebit": "3125000000.00",
            "ebitda": "3245133820.00",
            "depreciationAndAmortization": "120133820.00",
            "nonOperatingIncomeNetOther": null,
            "operatingIncome": "3125000000.00",
            "otherOperatingExpenses": "912408759.00",
            "interestExpense": "1926703163.00",
            "taxProvision": null,
            "interestIncome": null,
            "netInterestIncome": null,
            "extraordinaryItems": null,
            "nonRecurring": null,
            "otherItems": null,
            "incomeTaxExpense": "419708029.00",
            "totalRevenue": "4037408759.00",
            "totalOperatingExpenses": "-912408759.00",
            "costOfRevenue": null,
            "totalOtherIncomeExpenseNet": "-1926703163.00",
            "discontinuedOperations": null,
            "netIncomeFromContinuingOps": null,
            "netIncomeApplicableToCommonShares": null,
            "preferredStockAndOtherAdjustments": null
        },
        "2002-10-31": {
            "date": "2002-10-31",
            "filing_date": "2002-10-31",
            "currency_symbol": "CAD",
            "researchDevelopment": null,
            "effectOfAccountingCharges": null,
            "incomeBeforeTax": "949604487.00",
            "minorityInterest": null,
            "netIncome": "665086835.00",
            "sellingGeneralAdministrative": "1513374920.00",
            "sellingAndMarketingExpenses": null,
            "grossProfit": "3847892202.00",
            "reconciledDepreciation": "123456242.00",
            "ebit": "2891176623.00",
            "ebitda": "3014632865.00",
            "depreciationAndAmortization": "123456242.00",
            "nonOperatingIncomeNetOther": null,
            "operatingIncome": "2891176623.00",
            "otherOperatingExpenses": "956715579.00",
            "interestExpense": "1941572136.00",
            "taxProvision": null,
            "interestIncome": null,
            "netInterestIncome": null,
            "extraordinaryItems": null,
            "nonRecurring": null,
            "otherItems": null,
            "incomeTaxExpense": "284517652.00",
            "totalRevenue": "3847892202.00",
            "totalOperatingExpenses": "-956715579.00",
            "costOfRevenue": null,
            "totalOtherIncomeExpenseNet": "-1941572136.00",
            "discontinuedOperations": null,
            "netIncomeFromContinuingOps": null,
            "netIncomeApplicableToCommonShares": null,
            "preferredStockAndOtherAdjustments": null
        },
        "2002-07-31": {
            "date": "2002-07-31",
            "filing_date": "2002-07-31",
            "currency_symbol": "CAD",
            "researchDevelopment": null,
            "effectOfAccountingCharges": null,
            "incomeBeforeTax": "1072050673.00",
            "minorityInterest": null,
            "netIncome": "696753761.00",
            "sellingGeneralAdministrative": "1580364212.00",
            "sellingAndMarketingExpenses": null,
            "grossProfit": "3862232779.00",
            "reconciledDepreciation": "128914891.00",
            "ebit": "2967537609.00",
            "ebitda": "3096452500.00",
            "depreciationAndAmortization": "128914891.00",
            "nonOperatingIncomeNetOther": null,
            "operatingIncome": "2967537609.00",
            "otherOperatingExpenses": "894695170.00",
            "interestExpense": "1895486936.00",
            "taxProvision": null,
            "interestIncome": null,
            "netInterestIncome": null,
            "extraordinaryItems": null,
            "nonRecurring": null,
            "otherItems": null,
            "incomeTaxExpense": "375296912.00",
            "totalRevenue": "3862232779.00",
            "totalOperatingExpenses": "-894695170.00",
            "costOfRevenue": null,
            "totalOtherIncomeExpenseNet": "-1895486936.00",
            "discontinuedOperations": null,
            "netIncomeFromContinuingOps": null,
            "netIncomeApplicableToCommonShares": null,
            "preferredStockAndOtherAdjustments": null
        },
        "2002-04-30": {
            "date": "2002-04-30",
            "filing_date": "2002-04-30",
            "currency_symbol": "CAD",
            "researchDevelopment": null,
            "effectOfAccountingCharges": null,
            "incomeBeforeTax": "992629763.00",
            "minorityInterest": null,
            "netIncome": "677434530.00",
            "sellingGeneralAdministrative": "1566567351.00",
            "sellingAndMarketingExpenses": null,
            "grossProfit": "3929747531.00",
            "reconciledDepreciation": "111745241.00",
            "ebit": "2795985573.00",
            "ebitda": "2907730814.00",
            "depreciationAndAmortization": "111745241.00",
            "nonOperatingIncomeNetOther": null,
            "operatingIncome": "2795985573.00",
            "otherOperatingExpenses": "1133761958.00",
            "interestExpense": "1803355810.00",
            "taxProvision": null,
            "interestIncome": null,
            "netInterestIncome": null,
            "extraordinaryItems": null,
            "nonRecurring": null,
            "otherItems": null,
            "incomeTaxExpense": "315195233.00",
            "totalRevenue": "3929747531.00",
            "totalOperatingExpenses": "-1133761958.00",
            "costOfRevenue": null,
            "totalOtherIncomeExpenseNet": "-1803355810.00",
            "discontinuedOperations": null,
            "netIncomeFromContinuingOps": null,
            "netIncomeApplicableToCommonShares": null,
            "preferredStockAndOtherAdjustments": null
        },
        "2002-01-31": {
            "date": "2002-01-31",
            "filing_date": "2002-01-31",
            "currency_symbol": "CAD",
            "researchDevelopment": null,
            "effectOfAccountingCharges": null,
            "incomeBeforeTax": "1111991129.00",
            "minorityInterest": null,
            "netIncome": "722319024.00",
            "sellingGeneralAdministrative": "1653730398.00",
            "sellingAndMarketingExpenses": null,
            "grossProfit": "4080468874.00",
            "reconciledDepreciation": "115634405.00",
            "ebit": "3155393632.00",
            "ebitda": "3271028037.00",
            "depreciationAndAmortization": "115634405.00",
            "nonOperatingIncomeNetOther": null,
            "operatingIncome": "3155393632.00",
            "otherOperatingExpenses": "925075242.00",
            "interestExpense": "2043402503.00",
            "taxProvision": null,
            "interestIncome": null,
            "netInterestIncome": null,
            "extraordinaryItems": null,
            "nonRecurring": null,
            "otherItems": null,
            "incomeTaxExpense": "389672105.00",
            "totalRevenue": "4080468874.00",
            "totalOperatingExpenses": "-925075242.00",
            "costOfRevenue": null,
            "totalOtherIncomeExpenseNet": "-2043402503.00",
            "discontinuedOperations": null,
            "netIncomeFromContinuingOps": null,
            "netIncomeApplicableToCommonShares": null,
            "preferredStockAndOtherAdjustments": null
        },
        "2001-10-31": {
            "date": "2001-10-31",
            "filing_date": "2001-10-31",
            "currency_symbol": "CAD",
            "researchDevelopment": null,
            "effectOfAccountingCharges": null,
            "incomeBeforeTax": "904632632.00",
            "minorityInterest": null,
            "netIncome": "655376774.00",
            "sellingGeneralAdministrative": "1514950057.00",
            "sellingAndMarketingExpenses": null,
            "grossProfit": "4026102115.00",
            "reconciledDepreciation": "237129245.00",
            "ebit": "3305075113.00",
            "ebitda": "3542204358.00",
            "depreciationAndAmortization": "237129245.00",
            "nonOperatingIncomeNetOther": null,
            "operatingIncome": "3305075113.00",
            "otherOperatingExpenses": "721027002.00",
            "interestExpense": "2400442481.00",
            "taxProvision": null,
            "interestIncome": null,
            "netInterestIncome": null,
            "extraordinaryItems": null,
            "nonRecurring": null,
            "otherItems": null,
            "incomeTaxExpense": "249255858.00",
            "totalRevenue": "4026102115.00",
            "totalOperatingExpenses": "-721027002.00",
            "costOfRevenue": null,
            "totalOtherIncomeExpenseNet": "-2400442481.00",
            "discontinuedOperations": null,
            "netIncomeFromContinuingOps": null,
            "netIncomeApplicableToCommonShares": null,
            "preferredStockAndOtherAdjustments": null
        },
        "2001-07-31": {
            "date": "2001-07-31",
            "filing_date": "2001-07-31",
            "currency_symbol": "CAD",
            "researchDevelopment": null,
            "effectOfAccountingCharges": null,
            "incomeBeforeTax": "818042813.00",
            "minorityInterest": null,
            "netIncome": "492354740.00",
            "sellingGeneralAdministrative": "1538226300.00",
            "sellingAndMarketingExpenses": null,
            "grossProfit": "3718654434.00",
            "reconciledDepreciation": "176258932.00",
            "ebit": "3409785933.00",
            "ebitda": "3586044865.00",
            "depreciationAndAmortization": "176258932.00",
            "nonOperatingIncomeNetOther": null,
            "operatingIncome": "3409785933.00",
            "otherOperatingExpenses": "308868501.00",
            "interestExpense": "2591743120.00",
            "taxProvision": null,
            "interestIncome": null,
            "netInterestIncome": null,
            "extraordinaryItems": null,
            "nonRecurring": null,
            "otherItems": null,
            "incomeTaxExpense": "325688073.00",
            "totalRevenue": "3718654434.00",
            "totalOperatingExpenses": "-308868501.00",
            "costOfRevenue": null,
            "totalOtherIncomeExpenseNet": "-2591743120.00",
            "discontinuedOperations": null,
            "netIncomeFromContinuingOps": null,
            "netIncomeApplicableToCommonShares": null,
            "preferredStockAndOtherAdjustments": null
        },
        "2001-04-30": {
            "date": "2001-04-30",
            "filing_date": "2001-04-30",
            "currency_symbol": "CAD",
            "researchDevelopment": null,
            "effectOfAccountingCharges": null,
            "incomeBeforeTax": "972051597.00",
            "minorityInterest": null,
            "netIncome": "601965602.00",
            "sellingGeneralAdministrative": "1337530713.00",
            "sellingAndMarketingExpenses": null,
            "grossProfit": "3498157248.00",
            "reconciledDepreciation": "142596886.00",
            "ebit": "3766891892.00",
            "ebitda": "3909488778.00",
            "depreciationAndAmortization": "142596886.00",
            "nonOperatingIncomeNetOther": null,
            "operatingIncome": "3766891892.00",
            "otherOperatingExpenses": "268734644.00",
            "interestExpense": "2794840295.00",
            "taxProvision": null,
            "interestIncome": null,
            "netInterestIncome": null,
            "extraordinaryItems": null,
            "nonRecurring": null,
            "otherItems": null,
            "incomeTaxExpense": "370085995.00",
            "totalRevenue": "3498157248.00",
            "totalOperatingExpenses": "268734644.00",
            "costOfRevenue": null,
            "totalOtherIncomeExpenseNet": "-2794840295.00",
            "discontinuedOperations": null,
            "netIncomeFromContinuingOps": null,
            "netIncomeApplicableToCommonShares": null,
            "preferredStockAndOtherAdjustments": null
        },
        "2001-01-31": {
            "date": "2001-01-31",
            "filing_date": "2001-01-31",
            "currency_symbol": "CAD",
            "researchDevelopment": null,
            "effectOfAccountingCharges": null,
            "incomeBeforeTax": "1040323790.00",
            "minorityInterest": null,
            "netIncome": "695547894.00",
            "sellingGeneralAdministrative": "1329635737.00",
            "sellingAndMarketingExpenses": null,
            "grossProfit": "3455254086.00",
            "reconciledDepreciation": "116923999.00",
            "ebit": "4035377005.00",
            "ebitda": "4152301004.00",
            "depreciationAndAmortization": "116923999.00",
            "nonOperatingIncomeNetOther": null,
            "operatingIncome": "4035377005.00",
            "otherOperatingExpenses": "580122919.00",
            "interestExpense": "2995053215.00",
            "taxProvision": null,
            "interestIncome": null,
            "netInterestIncome": null,
            "extraordinaryItems": null,
            "nonRecurring": null,
            "otherItems": null,
            "incomeTaxExpense": "344775896.00",
            "totalRevenue": "3455254086.00",
            "totalOperatingExpenses": "580122919.00",
            "costOfRevenue": null,
            "totalOtherIncomeExpenseNet": "-2995053215.00",
            "discontinuedOperations": null,
            "netIncomeFromContinuingOps": null,
            "netIncomeApplicableToCommonShares": null,
            "preferredStockAndOtherAdjustments": null
        },
        "2000-10-31": {
            "date": "2000-10-31",
            "filing_date": "2000-10-31",
            "currency_symbol": "CAD",
            "researchDevelopment": null,
            "effectOfAccountingCharges": null,
            "incomeBeforeTax": "885325007.00",
            "minorityInterest": null,
            "netIncome": "568928665.00",
            "sellingGeneralAdministrative": "1208480215.00",
            "sellingAndMarketingExpenses": null,
            "grossProfit": "3094127388.00",
            "reconciledDepreciation": "134439821.00",
            "ebit": "3840804411.00",
            "ebitda": "3975244232.00",
            "depreciationAndAmortization": "134439821.00",
            "nonOperatingIncomeNetOther": null,
            "operatingIncome": "3840804411.00",
            "otherOperatingExpenses": "746677023.00",
            "interestExpense": "2955479404.00",
            "taxProvision": null,
            "interestIncome": null,
            "netInterestIncome": null,
            "extraordinaryItems": null,
            "nonRecurring": null,
            "otherItems": null,
            "incomeTaxExpense": "316396342.00",
            "totalRevenue": "3094127388.00",
            "totalOperatingExpenses": "746677023.00",
            "costOfRevenue": null,
            "totalOtherIncomeExpenseNet": "-2955479404.00",
            "discontinuedOperations": null,
            "netIncomeFromContinuingOps": null,
            "netIncomeApplicableToCommonShares": null,
            "preferredStockAndOtherAdjustments": null
        },
        "2000-07-31": {
            "date": "2000-07-31",
            "filing_date": "2000-07-31",
            "currency_symbol": "CAD",
            "researchDevelopment": null,
            "effectOfAccountingCharges": null,
            "incomeBeforeTax": "915576694.00",
            "minorityInterest": null,
            "netIncome": "563317479.00",
            "sellingGeneralAdministrative": "1181629013.00",
            "sellingAndMarketingExpenses": null,
            "grossProfit": "3003864447.00",
            "reconciledDepreciation": "115197294.00",
            "ebit": "3690546968.00",
            "ebitda": "3805744262.00",
            "depreciationAndAmortization": "115197294.00",
            "nonOperatingIncomeNetOther": null,
            "operatingIncome": "3690546968.00",
            "otherOperatingExpenses": "686682521.00",
            "interestExpense": "2774970274.00",
            "taxProvision": null,
            "interestIncome": null,
            "netInterestIncome": null,
            "extraordinaryItems": null,
            "nonRecurring": null,
            "otherItems": null,
            "incomeTaxExpense": "352259215.00",
            "totalRevenue": "3003864447.00",
            "totalOperatingExpenses": "686682521.00",
            "costOfRevenue": null,
            "totalOtherIncomeExpenseNet": "-2774970274.00",
            "discontinuedOperations": null,
            "netIncomeFromContinuingOps": null,
            "netIncomeApplicableToCommonShares": null,
            "preferredStockAndOtherAdjustments": null
        },
        "2000-04-30": {
            "date": "2000-04-30",
            "filing_date": "2000-04-30",
            "currency_symbol": "CAD",
            "researchDevelopment": null,
            "effectOfAccountingCharges": null,
            "incomeBeforeTax": "968601896.00",
            "minorityInterest": null,
            "netIncome": "561315166.00",
            "sellingGeneralAdministrative": "1199644550.00",
            "sellingAndMarketingExpenses": null,
            "grossProfit": "3053909953.00",
            "reconciledDepreciation": "108311529.00",
            "ebit": "3554502370.00",
            "ebitda": "3662813899.00",
            "depreciationAndAmortization": "108311529.00",
            "nonOperatingIncomeNetOther": null,
            "operatingIncome": "3554502370.00",
            "otherOperatingExpenses": "500592417.00",
            "interestExpense": "2585900474.00",
            "taxProvision": null,
            "interestIncome": null,
            "netInterestIncome": null,
            "extraordinaryItems": null,
            "nonRecurring": null,
            "otherItems": null,
            "incomeTaxExpense": "407286730.00",
            "totalRevenue": "3053909953.00",
            "totalOperatingExpenses": "500592417.00",
            "costOfRevenue": null,
            "totalOtherIncomeExpenseNet": "-2585900474.00",
            "discontinuedOperations": null,
            "netIncomeFromContinuingOps": null,
            "netIncomeApplicableToCommonShares": null,
            "preferredStockAndOtherAdjustments": null
        },
        "2000-01-31": {
            "date": "2000-01-31",
            "filing_date": "2000-01-31",
            "currency_symbol": "CAD",
            "researchDevelopment": null,
            "effectOfAccountingCharges": null,
            "incomeBeforeTax": "877025463.00",
            "minorityInterest": null,
            "netIncome": "527054398.00",
            "sellingGeneralAdministrative": "1084056713.00",
            "sellingAndMarketingExpenses": null,
            "grossProfit": "2811053241.00",
            "reconciledDepreciation": "101996528.00",
            "ebit": "3391059028.00",
            "ebitda": "3493055556.00",
            "depreciationAndAmortization": "101996528.00",
            "nonOperatingIncomeNetOther": null,
            "operatingIncome": "3391059028.00",
            "otherOperatingExpenses": "580005787.00",
            "interestExpense": "2514033565.00",
            "taxProvision": null,
            "interestIncome": null,
            "netInterestIncome": null,
            "extraordinaryItems": null,
            "nonRecurring": null,
            "otherItems": null,
            "incomeTaxExpense": "349971065.00",
            "totalRevenue": "2811053241.00",
            "totalOperatingExpenses": "580005787.00",
            "costOfRevenue": null,
            "totalOtherIncomeExpenseNet": "-2514033565.00",
            "discontinuedOperations": null,
            "netIncomeFromContinuingOps": null,
            "netIncomeApplicableToCommonShares": null,
            "preferredStockAndOtherAdjustments": null
        },
        "1999-10-31": {
            "date": "1999-10-31",
            "filing_date": "1999-10-31",
            "currency_symbol": "CAD",
            "researchDevelopment": null,
            "effectOfAccountingCharges": null,
            "incomeBeforeTax": "726971606.00",
            "minorityInterest": null,
            "netIncome": "479013108.00",
            "sellingGeneralAdministrative": "1067031772.00",
            "sellingAndMarketingExpenses": null,
            "grossProfit": "2855883961.00",
            "reconciledDepreciation": "131009189.00",
            "ebit": "2771881380.00",
            "ebitda": "2902890569.00",
            "depreciationAndAmortization": "131009189.00",
            "nonOperatingIncomeNetOther": null,
            "operatingIncome": "2771881380.00",
            "otherOperatingExpenses": "84002581.00",
            "interestExpense": "2044909774.00",
            "taxProvision": null,
            "interestIncome": null,
            "netInterestIncome": null,
            "extraordinaryItems": null,
            "nonRecurring": null,
            "otherItems": null,
            "incomeTaxExpense": "247958498.00",
            "totalRevenue": "2855883961.00",
            "totalOperatingExpenses": "-84002581.00",
            "costOfRevenue": null,
            "totalOtherIncomeExpenseNet": "-2044909774.00",
            "discontinuedOperations": null,
            "netIncomeFromContinuingOps": null,
            "netIncomeApplicableToCommonShares": null,
            "preferredStockAndOtherAdjustments": null
        },
        "1999-07-31": {
            "date": "1999-07-31",
            "filing_date": "1999-07-31",
            "currency_symbol": "CAD",
            "researchDevelopment": null,
            "effectOfAccountingCharges": null,
            "incomeBeforeTax": "733072525.00",
            "minorityInterest": null,
            "netIncome": "452001204.00",
            "sellingGeneralAdministrative": "1004965393.00",
            "sellingAndMarketingExpenses": null,
            "grossProfit": "2632109540.00",
            "reconciledDepreciation": "115033628.00",
            "ebit": "3094041529.00",
            "ebitda": "3209075157.00",
            "depreciationAndAmortization": "115033628.00",
            "nonOperatingIncomeNetOther": null,
            "operatingIncome": "3094041529.00",
            "otherOperatingExpenses": "461931989.00",
            "interestExpense": "2360969004.00",
            "taxProvision": null,
            "interestIncome": null,
            "netInterestIncome": null,
            "extraordinaryItems": null,
            "nonRecurring": null,
            "otherItems": null,
            "incomeTaxExpense": "281071321.00",
            "totalRevenue": "2632109540.00",
            "totalOperatingExpenses": "461931989.00",
            "costOfRevenue": null,
            "totalOtherIncomeExpenseNet": "-2360969004.00",
            "discontinuedOperations": null,
            "netIncomeFromContinuingOps": null,
            "netIncomeApplicableToCommonShares": null,
            "preferredStockAndOtherAdjustments": null
        },
        "1999-04-30": {
            "date": "1999-04-30",
            "filing_date": "1999-04-30",
            "currency_symbol": "CAD",
            "researchDevelopment": null,
            "effectOfAccountingCharges": null,
            "incomeBeforeTax": "676878192.00",
            "minorityInterest": null,
            "netIncome": "431947484.00",
            "sellingGeneralAdministrative": "968052516.00",
            "sellingAndMarketingExpenses": null,
            "grossProfit": "2548942378.00",
            "reconciledDepreciation": "111004073.00",
            "ebit": "2910867981.00",
            "ebitda": "3021872054.00",
            "depreciationAndAmortization": "111004073.00",
            "nonOperatingIncomeNetOther": null,
            "operatingIncome": "2910867981.00",
            "otherOperatingExpenses": "361925603.00",
            "interestExpense": "2233989789.00",
            "taxProvision": null,
            "interestIncome": null,
            "netInterestIncome": null,
            "extraordinaryItems": null,
            "nonRecurring": null,
            "otherItems": null,
            "incomeTaxExpense": "244930708.00",
            "totalRevenue": "2548942378.00",
            "totalOperatingExpenses": "361925603.00",
            "costOfRevenue": null,
            "totalOtherIncomeExpenseNet": "-2233989789.00",
            "discontinuedOperations": null,
            "netIncomeFromContinuingOps": null,
            "netIncomeApplicableToCommonShares": null,
            "preferredStockAndOtherAdjustments": null
        },
        "1999-01-31": {
            "date": "1999-01-31",
            "filing_date": "1999-01-31",
            "currency_symbol": "CAD",
            "researchDevelopment": null,
            "effectOfAccountingCharges": null,
            "incomeBeforeTax": "560960870.00",
            "minorityInterest": null,
            "netIncome": "360930654.00",
            "sellingGeneralAdministrative": "1033993050.00",
            "sellingAndMarketingExpenses": null,
            "grossProfit": "2571083246.00",
            "reconciledDepreciation": "101979151.00",
            "ebit": "3003928086.00",
            "ebitda": "3105907237.00",
            "depreciationAndAmortization": "101979151.00",
            "nonOperatingIncomeNetOther": null,
            "operatingIncome": "3003928086.00",
            "otherOperatingExpenses": "432844840.00",
            "interestExpense": "2442967216.00",
            "taxProvision": null,
            "interestIncome": null,
            "netInterestIncome": null,
            "extraordinaryItems": null,
            "nonRecurring": null,
            "otherItems": null,
            "incomeTaxExpense": "200030216.00",
            "totalRevenue": "2571083246.00",
            "totalOperatingExpenses": "432844840.00",
            "costOfRevenue": null,
            "totalOtherIncomeExpenseNet": "-2442967216.00",
            "discontinuedOperations": null,
            "netIncomeFromContinuingOps": null,
            "netIncomeApplicableToCommonShares": null,
            "preferredStockAndOtherAdjustments": null
        },
        "1998-10-31": {
            "date": "1998-10-31",
            "filing_date": "1998-10-31",
            "currency_symbol": "CAD",
            "researchDevelopment": null,
            "effectOfAccountingCharges": null,
            "incomeBeforeTax": "690079222.00",
            "minorityInterest": null,
            "netIncome": "435082446.00",
            "sellingGeneralAdministrative": "898079206.00",
            "sellingAndMarketingExpenses": null,
            "grossProfit": "2436080892.00",
            "reconciledDepreciation": "101060593.00",
            "ebit": "3201013612.00",
            "ebitda": "3302074205.00",
            "depreciationAndAmortization": "101060593.00",
            "nonOperatingIncomeNetOther": null,
            "operatingIncome": "3201013612.00",
            "otherOperatingExpenses": "764932720.00",
            "interestExpense": "2510934390.00",
            "taxProvision": null,
            "interestIncome": null,
            "netInterestIncome": null,
            "extraordinaryItems": null,
            "nonRecurring": null,
            "otherItems": null,
            "incomeTaxExpense": "254996776.00",
            "totalRevenue": "2436080892.00",
            "totalOperatingExpenses": "764932720.00",
            "costOfRevenue": null,
            "totalOtherIncomeExpenseNet": "-2510934390.00",
            "discontinuedOperations": null,
            "netIncomeFromContinuingOps": null,
            "netIncomeApplicableToCommonShares": null,
            "preferredStockAndOtherAdjustments": null
        },
        "1998-07-31": {
            "date": "1998-07-31",
            "filing_date": "1998-07-31",
            "currency_symbol": "CAD",
            "researchDevelopment": null,
            "effectOfAccountingCharges": null,
            "incomeBeforeTax": "764021164.00",
            "minorityInterest": null,
            "netIncome": "463945578.00",
            "sellingGeneralAdministrative": "882993197.00",
            "sellingAndMarketingExpenses": null,
            "grossProfit": "2457142857.00",
            "reconciledDepreciation": "88927412.00",
            "ebit": "3235071806.00",
            "ebitda": "3323999218.00",
            "depreciationAndAmortization": "88927412.00",
            "nonOperatingIncomeNetOther": null,
            "operatingIncome": "3235071806.00",
            "otherOperatingExpenses": "777928949.00",
            "interestExpense": "2471050642.00",
            "taxProvision": null,
            "interestIncome": null,
            "netInterestIncome": null,
            "extraordinaryItems": null,
            "nonRecurring": null,
            "otherItems": null,
            "incomeTaxExpense": "300075586.00",
            "totalRevenue": "2457142857.00",
            "totalOperatingExpenses": "777928949.00",
            "costOfRevenue": null,
            "totalOtherIncomeExpenseNet": "-2471050642.00",
            "discontinuedOperations": null,
            "netIncomeFromContinuingOps": null,
            "netIncomeApplicableToCommonShares": null,
            "preferredStockAndOtherAdjustments": null
        },
        "1998-04-30": {
            "date": "1998-04-30",
            "filing_date": "1998-04-30",
            "currency_symbol": "CAD",
            "researchDevelopment": null,
            "effectOfAccountingCharges": null,
            "incomeBeforeTax": "773944166.00",
            "minorityInterest": null,
            "netIncome": "463994273.00",
            "sellingGeneralAdministrative": "934001432.00",
            "sellingAndMarketingExpenses": null,
            "grossProfit": "2701932713.00",
            "reconciledDepreciation": "76024359.00",
            "ebit": "3130994989.00",
            "ebitda": "3207019348.00",
            "depreciationAndAmortization": "76024359.00",
            "nonOperatingIncomeNetOther": null,
            "operatingIncome": "3130994989.00",
            "otherOperatingExpenses": "429062276.00",
            "interestExpense": "2357050823.00",
            "taxProvision": null,
            "interestIncome": null,
            "netInterestIncome": null,
            "extraordinaryItems": null,
            "nonRecurring": null,
            "otherItems": null,
            "incomeTaxExpense": "309949893.00",
            "totalRevenue": "2701932713.00",
            "totalOperatingExpenses": "429062276.00",
            "costOfRevenue": null,
            "totalOtherIncomeExpenseNet": "-2357050823.00",
            "discontinuedOperations": null,
            "netIncomeFromContinuingOps": null,
            "netIncomeApplicableToCommonShares": null,
            "preferredStockAndOtherAdjustments": null
        },
        "1998-01-31": {
            "date": "1998-01-31",
            "filing_date": "1998-01-31",
            "currency_symbol": "CAD",
            "researchDevelopment": null,
            "effectOfAccountingCharges": null,
            "incomeBeforeTax": "771079074.00",
            "minorityInterest": null,
            "netIncome": "461045580.00",
            "sellingGeneralAdministrative": "878986457.00",
            "sellingAndMarketingExpenses": null,
            "grossProfit": "2454055628.00",
            "reconciledDepreciation": "76015727.00",
            "ebit": "3144022135.00",
            "ebitda": "3220037862.00",
            "depreciationAndAmortization": "76015727.00",
            "nonOperatingIncomeNetOther": null,
            "operatingIncome": "3144022135.00",
            "otherOperatingExpenses": "689966507.00",
            "interestExpense": "2372943061.00",
            "taxProvision": null,
            "interestIncome": null,
            "netInterestIncome": null,
            "extraordinaryItems": null,
            "nonRecurring": null,
            "otherItems": null,
            "incomeTaxExpense": "310033494.00",
            "totalRevenue": "2454055628.00",
            "totalOperatingExpenses": "689966507.00",
            "costOfRevenue": null,
            "totalOtherIncomeExpenseNet": "-2372943061.00",
            "discontinuedOperations": null,
            "netIncomeFromContinuingOps": null,
            "netIncomeApplicableToCommonShares": null,
            "preferredStockAndOtherAdjustments": null
        },
        "1997-10-31": {
            "date": "1997-10-31",
            "filing_date": "1997-10-31",
            "currency_symbol": "CAD",
            "researchDevelopment": null,
            "effectOfAccountingCharges": null,
            "incomeBeforeTax": "714050058.00",
            "minorityInterest": null,
            "netIncome": "449011044.00",
            "sellingGeneralAdministrative": "879974214.00",
            "sellingAndMarketingExpenses": null,
            "grossProfit": "2486004426.00",
            "reconciledDepreciation": "104043703.00",
            "ebit": "2876045626.00",
            "ebitda": "2980089329.00",
            "depreciationAndAmortization": "104043703.00",
            "nonOperatingIncomeNetOther": null,
            "operatingIncome": "2876045626.00",
            "otherOperatingExpenses": "390041200.00",
            "interestExpense": "2161995568.00",
            "taxProvision": null,
            "interestIncome": null,
            "netInterestIncome": null,
            "extraordinaryItems": null,
            "nonRecurring": null,
            "otherItems": null,
            "incomeTaxExpense": "265039014.00",
            "totalRevenue": "2486004426.00",
            "totalOperatingExpenses": "390041200.00",
            "costOfRevenue": null,
            "totalOtherIncomeExpenseNet": "-2161995568.00",
            "discontinuedOperations": null,
            "netIncomeFromContinuingOps": null,
            "netIncomeApplicableToCommonShares": null,
            "preferredStockAndOtherAdjustments": null
        },
        "1997-07-31": {
            "date": "1997-07-31",
            "filing_date": "1997-07-31",
            "currency_symbol": "CAD",
            "researchDevelopment": null,
            "effectOfAccountingCharges": null,
            "incomeBeforeTax": "722949690.00",
            "minorityInterest": null,
            "netIncome": "427980703.00",
            "sellingGeneralAdministrative": "857064094.00",
            "sellingAndMarketingExpenses": null,
            "grossProfit": "2377946244.00",
            "reconciledDepreciation": "121075760.00",
            "ebit": "2813921434.00",
            "ebitda": "2934997194.00",
            "depreciationAndAmortization": "121075760.00",
            "nonOperatingIncomeNetOther": null,
            "operatingIncome": "2813921434.00",
            "otherOperatingExpenses": "435975190.00",
            "interestExpense": "2090971744.00",
            "taxProvision": null,
            "interestIncome": null,
            "netInterestIncome": null,
            "extraordinaryItems": null,
            "nonRecurring": null,
            "otherItems": null,
            "incomeTaxExpense": "294968987.00",
            "totalRevenue": "2377946244.00",
            "totalOperatingExpenses": "435975190.00",
            "costOfRevenue": null,
            "totalOtherIncomeExpenseNet": "-2090971744.00",
            "discontinuedOperations": null,
            "netIncomeFromContinuingOps": null,
            "netIncomeApplicableToCommonShares": null,
            "preferredStockAndOtherAdjustments": null
        },
        "1997-04-30": {
            "date": "1997-04-30",
            "filing_date": "1997-04-30",
            "currency_symbol": "CAD",
            "researchDevelopment": null,
            "effectOfAccountingCharges": null,
            "incomeBeforeTax": "667969841.00",
            "minorityInterest": null,
            "netIncome": "402960067.00",
            "sellingGeneralAdministrative": "800055850.00",
            "sellingAndMarketingExpenses": null,
            "grossProfit": "2186958950.00",
            "reconciledDepreciation": "80918375.00",
            "ebit": "2670064228.00",
            "ebitda": "2750982603.00",
            "depreciationAndAmortization": "80918375.00",
            "nonOperatingIncomeNetOther": null,
            "operatingIncome": "2670064228.00",
            "otherOperatingExpenses": "483105278.00",
            "interestExpense": "2002094387.00",
            "taxProvision": null,
            "interestIncome": null,
            "netInterestIncome": null,
            "extraordinaryItems": null,
            "nonRecurring": null,
            "otherItems": null,
            "incomeTaxExpense": "265009774.00",
            "totalRevenue": "2186958950.00",
            "totalOperatingExpenses": "483105278.00",
            "costOfRevenue": null,
            "totalOtherIncomeExpenseNet": "-2002094387.00",
            "discontinuedOperations": null,
            "netIncomeFromContinuingOps": null,
            "netIncomeApplicableToCommonShares": null,
            "preferredStockAndOtherAdjustments": null
        },
        "1997-01-31": {
            "date": "1997-01-31",
            "filing_date": "1997-01-31",
            "currency_symbol": "CAD",
            "researchDevelopment": null,
            "effectOfAccountingCharges": null,
            "incomeBeforeTax": "663970885.00",
            "minorityInterest": null,
            "netIncome": "398975603.00",
            "sellingGeneralAdministrative": "828009166.00",
            "sellingAndMarketingExpenses": null,
            "grossProfit": "2227928292.00",
            "reconciledDepreciation": "76021027.00",
            "ebit": "2715999460.00",
            "ebitda": "2792020487.00",
            "depreciationAndAmortization": "76021027.00",
            "nonOperatingIncomeNetOther": null,
            "operatingIncome": "2715999460.00",
            "otherOperatingExpenses": "488071168.00",
            "interestExpense": "2052028575.00",
            "taxProvision": null,
            "interestIncome": null,
            "netInterestIncome": null,
            "extraordinaryItems": null,
            "nonRecurring": null,
            "otherItems": null,
            "incomeTaxExpense": "264995282.00",
            "totalRevenue": "2227928292.00",
            "totalOperatingExpenses": "488071168.00",
            "costOfRevenue": null,
            "totalOtherIncomeExpenseNet": "-2052028575.00",
            "discontinuedOperations": null,
            "netIncomeFromContinuingOps": null,
            "netIncomeApplicableToCommonShares": null,
            "preferredStockAndOtherAdjustments": null
        },
        "1996-10-31": {
            "date": "1996-10-31",
            "filing_date": "1996-10-31",
            "currency_symbol": "CAD",
            "researchDevelopment": null,
            "effectOfAccountingCharges": null,
            "incomeBeforeTax": "590851535.00",
            "minorityInterest": null,
            "netIncome": "375960783.00",
            "sellingGeneralAdministrative": "800674449.00",
            "sellingAndMarketingExpenses": null,
            "grossProfit": "2146298573.00",
            "reconciledDepreciation": "87214503.00",
            "ebit": "2814643930.00",
            "ebitda": "2901858433.00",
            "depreciationAndAmortization": "87214503.00",
            "nonOperatingIncomeNetOther": null,
            "operatingIncome": "2814643930.00",
            "otherOperatingExpenses": "668345357.00",
            "interestExpense": "2223792395.00",
            "taxProvision": null,
            "interestIncome": null,
            "netInterestIncome": null,
            "extraordinaryItems": null,
            "nonRecurring": null,
            "otherItems": null,
            "incomeTaxExpense": "214890752.00",
            "totalRevenue": "2146298573.00",
            "totalOperatingExpenses": "668345357.00",
            "costOfRevenue": null,
            "totalOtherIncomeExpenseNet": "-2223792395.00",
            "discontinuedOperations": null,
            "netIncomeFromContinuingOps": null,
            "netIncomeApplicableToCommonShares": null,
            "preferredStockAndOtherAdjustments": null
        },
        "1996-07-31": {
            "date": "1996-07-31",
            "filing_date": "1996-07-31",
            "currency_symbol": "CAD",
            "researchDevelopment": null,
            "effectOfAccountingCharges": null,
            "incomeBeforeTax": "584031882.00",
            "minorityInterest": null,
            "netIncome": "358664285.00",
            "sellingGeneralAdministrative": "696715680.00",
            "sellingAndMarketingExpenses": null,
            "grossProfit": "1977463240.00",
            "reconciledDepreciation": "81166235.00",
            "ebit": "2675553113.00",
            "ebitda": "2756719348.00",
            "depreciationAndAmortization": "81166235.00",
            "nonOperatingIncomeNetOther": null,
            "operatingIncome": "2675553113.00",
            "otherOperatingExpenses": "698089873.00",
            "interestExpense": "2091521231.00",
            "taxProvision": null,
            "interestIncome": null,
            "netInterestIncome": null,
            "extraordinaryItems": null,
            "nonRecurring": null,
            "otherItems": null,
            "incomeTaxExpense": "225367597.00",
            "totalRevenue": "1977463240.00",
            "totalOperatingExpenses": "698089873.00",
            "costOfRevenue": null,
            "totalOtherIncomeExpenseNet": "-2091521231.00",
            "discontinuedOperations": null,
            "netIncomeFromContinuingOps": null,
            "netIncomeApplicableToCommonShares": null,
            "preferredStockAndOtherAdjustments": null
        },
        "1996-04-30": {
            "date": "1996-04-30",
            "filing_date": "1996-04-30",
            "currency_symbol": "CAD",
            "researchDevelopment": null,
            "effectOfAccountingCharges": null,
            "incomeBeforeTax": "550034037.00",
            "minorityInterest": null,
            "netIncome": "340367597.00",
            "sellingGeneralAdministrative": "679373724.00",
            "sellingAndMarketingExpenses": null,
            "grossProfit": "1896528250.00",
            "reconciledDepreciation": "79603729.00",
            "ebit": "2585432267.00",
            "ebitda": "2665035996.00",
            "depreciationAndAmortization": "79603729.00",
            "nonOperatingIncomeNetOther": null,
            "operatingIncome": "2585432267.00",
            "otherOperatingExpenses": "688904017.00",
            "interestExpense": "2035398230.00",
            "taxProvision": null,
            "interestIncome": null,
            "netInterestIncome": null,
            "extraordinaryItems": null,
            "nonRecurring": null,
            "otherItems": null,
            "incomeTaxExpense": "209666440.00",
            "totalRevenue": "1896528250.00",
            "totalOperatingExpenses": "688904017.00",
            "costOfRevenue": null,
            "totalOtherIncomeExpenseNet": "-2035398230.00",
            "discontinuedOperations": null,
            "netIncomeFromContinuingOps": null,
            "netIncomeApplicableToCommonShares": null,
            "preferredStockAndOtherAdjustments": null
        },
        "1996-01-31": {
            "date": "1996-01-31",
            "filing_date": "1996-01-31",
            "currency_symbol": "CAD",
            "researchDevelopment": null,
            "effectOfAccountingCharges": null,
            "incomeBeforeTax": "585486531.00",
            "minorityInterest": null,
            "netIncome": "355964816.00",
            "sellingGeneralAdministrative": "673446949.00",
            "sellingAndMarketingExpenses": null,
            "grossProfit": "1891148982.00",
            "reconciledDepreciation": "76965366.00",
            "ebit": "2798240792.00",
            "ebitda": "2875206158.00",
            "depreciationAndAmortization": "76965366.00",
            "nonOperatingIncomeNetOther": null,
            "operatingIncome": "2798240792.00",
            "otherOperatingExpenses": "907091810.00",
            "interestExpense": "2212754261.00",
            "taxProvision": null,
            "interestIncome": null,
            "netInterestIncome": null,
            "extraordinaryItems": null,
            "nonRecurring": null,
            "otherItems": null,
            "incomeTaxExpense": "229521715.00",
            "totalRevenue": "1891148982.00",
            "totalOperatingExpenses": "907091810.00",
            "costOfRevenue": null,
            "totalOtherIncomeExpenseNet": "-2212754261.00",
            "discontinuedOperations": null,
            "netIncomeFromContinuingOps": null,
            "netIncomeApplicableToCommonShares": null,
            "preferredStockAndOtherAdjustments": null
        },
        "1995-10-31": {
            "date": "1995-10-31",
            "filing_date": "1995-10-31",
            "currency_symbol": "CAD",
            "researchDevelopment": null,
            "effectOfAccountingCharges": null,
            "incomeBeforeTax": "509957842.00",
            "minorityInterest": null,
            "netIncome": "320027289.00",
            "sellingGeneralAdministrative": "674085138.00",
            "sellingAndMarketingExpenses": null,
            "grossProfit": "1895093941.00",
            "reconciledDepreciation": "-644041147.00",
            "ebit": "2613887817.00",
            "ebitda": "1969846670.00",
            "depreciationAndAmortization": "-644041147.00",
            "nonOperatingIncomeNetOther": null,
            "operatingIncome": "2613887817.00",
            "otherOperatingExpenses": "718793876.00",
            "interestExpense": "2103929975.00",
            "taxProvision": null,
            "interestIncome": null,
            "netInterestIncome": null,
            "extraordinaryItems": null,
            "nonRecurring": null,
            "otherItems": null,
            "incomeTaxExpense": "189930553.00",
            "totalRevenue": "1895093941.00",
            "totalOperatingExpenses": "718793876.00",
            "costOfRevenue": null,
            "totalOtherIncomeExpenseNet": "-2103929975.00",
            "discontinuedOperations": null,
            "netIncomeFromContinuingOps": null,
            "netIncomeApplicableToCommonShares": null,
            "preferredStockAndOtherAdjustments": null
        },
        "1995-07-31": {
            "date": "1995-07-31",
            "filing_date": "1995-07-31",
            "currency_symbol": "CAD",
            "researchDevelopment": null,
            "effectOfAccountingCharges": null,
            "incomeBeforeTax": "514145142.00",
            "minorityInterest": null,
            "netIncome": "319119858.00",
            "sellingGeneralAdministrative": "652043187.00",
            "sellingAndMarketingExpenses": null,
            "grossProfit": "1843241766.00",
            "reconciledDepreciation": "659150888.00",
            "ebit": "2604209376.00",
            "ebitda": "3263360264.00",
            "depreciationAndAmortization": "659150888.00",
            "nonOperatingIncomeNetOther": null,
            "operatingIncome": "2604209376.00",
            "otherOperatingExpenses": "760967610.00",
            "interestExpense": "2090064234.00",
            "taxProvision": null,
            "interestIncome": null,
            "netInterestIncome": null,
            "extraordinaryItems": null,
            "nonRecurring": null,
            "otherItems": null,
            "incomeTaxExpense": "195025284.00",
            "totalRevenue": "1843241766.00",
            "totalOperatingExpenses": "760967610.00",
            "costOfRevenue": null,
            "totalOtherIncomeExpenseNet": "-2090064234.00",
            "discontinuedOperations": null,
            "netIncomeFromContinuingOps": null,
            "netIncomeApplicableToCommonShares": null,
            "preferredStockAndOtherAdjustments": null
        },
        "1995-04-30": {
            "date": "1995-04-30",
            "filing_date": "1995-04-30",
            "currency_symbol": "CAD",
            "researchDevelopment": null,
            "effectOfAccountingCharges": null,
            "incomeBeforeTax": "504000000.00",
            "minorityInterest": null,
            "netIncome": "304000000.00",
            "sellingGeneralAdministrative": "608949153.00",
            "sellingAndMarketingExpenses": null,
            "grossProfit": "1754983051.00",
            "reconciledDepreciation": "82880187.00",
            "ebit": "2537084745.00",
            "ebitda": "2619964932.00",
            "depreciationAndAmortization": "82880187.00",
            "nonOperatingIncomeNetOther": null,
            "operatingIncome": "2537084745.00",
            "otherOperatingExpenses": "782101694.00",
            "interestExpense": "2033084745.00",
            "taxProvision": null,
            "interestIncome": null,
            "netInterestIncome": null,
            "extraordinaryItems": null,
            "nonRecurring": null,
            "otherItems": null,
            "incomeTaxExpense": "200000000.00",
            "totalRevenue": "1754983051.00",
            "totalOperatingExpenses": "782101694.00",
            "costOfRevenue": null,
            "totalOtherIncomeExpenseNet": "-2033084745.00",
            "discontinuedOperations": null,
            "netIncomeFromContinuingOps": null,
            "netIncomeApplicableToCommonShares": null,
            "preferredStockAndOtherAdjustments": null
        },
        "1995-01-31": {
            "date": "1995-01-31",
            "filing_date": "1995-01-31",
            "currency_symbol": "CAD",
            "researchDevelopment": null,
            "effectOfAccountingCharges": null,
            "incomeBeforeTax": "489092189.00",
            "minorityInterest": null,
            "netIncome": "319071077.00",
            "sellingGeneralAdministrative": "628008445.00",
            "sellingAndMarketingExpenses": null,
            "grossProfit": "1764109781.00",
            "reconciledDepreciation": "262068966.00",
            "ebit": "2311189304.00",
            "ebitda": "2573258270.00",
            "depreciationAndAmortization": "262068966.00",
            "nonOperatingIncomeNetOther": null,
            "operatingIncome": "2311189304.00",
            "otherOperatingExpenses": "547079523.00",
            "interestExpense": "1822097115.00",
            "taxProvision": null,
            "interestIncome": null,
            "netInterestIncome": null,
            "extraordinaryItems": null,
            "nonRecurring": null,
            "otherItems": null,
            "incomeTaxExpense": "170021112.00",
            "totalRevenue": "1764109781.00",
            "totalOperatingExpenses": "547079523.00",
            "costOfRevenue": null,
            "totalOtherIncomeExpenseNet": "-1822097115.00",
            "discontinuedOperations": null,
            "netIncomeFromContinuingOps": null,
            "netIncomeApplicableToCommonShares": null,
            "preferredStockAndOtherAdjustments": null
        },
        "1994-10-31": {
            "date": "1994-10-31",
            "filing_date": "1994-10-31",
            "currency_symbol": "CAD",
            "researchDevelopment": null,
            "effectOfAccountingCharges": null,
            "incomeBeforeTax": "471564800.00",
            "minorityInterest": null,
            "netIncome": "301510629.00",
            "sellingGeneralAdministrative": "679119142.00",
            "sellingAndMarketingExpenses": null,
            "grossProfit": "1876029037.00",
            "reconciledDepreciation": "175035573.00",
            "ebit": "2126652068.00",
            "ebitda": "2301687641.00",
            "depreciationAndAmortization": "175035573.00",
            "nonOperatingIncomeNetOther": null,
            "operatingIncome": "2126652068.00",
            "otherOperatingExpenses": "250623031.00",
            "interestExpense": "1655087268.00",
            "taxProvision": null,
            "interestIncome": null,
            "netInterestIncome": null,
            "extraordinaryItems": null,
            "nonRecurring": null,
            "otherItems": null,
            "incomeTaxExpense": "170054171.00",
            "totalRevenue": "1876029037.00",
            "totalOperatingExpenses": "250623031.00",
            "costOfRevenue": null,
            "totalOtherIncomeExpenseNet": "-1655087268.00",
            "discontinuedOperations": null,
            "netIncomeFromContinuingOps": null,
            "netIncomeApplicableToCommonShares": null,
            "preferredStockAndOtherAdjustments": null
        },
        "1994-07-31": {
            "date": "1994-07-31",
            "filing_date": "1994-07-31",
            "currency_symbol": "CAD",
            "researchDevelopment": null,
            "effectOfAccountingCharges": null,
            "incomeBeforeTax": "438990571.00",
            "minorityInterest": null,
            "netIncome": "293954520.00",
            "sellingGeneralAdministrative": "641985580.00",
            "sellingAndMarketingExpenses": null,
            "grossProfit": "1816001109.00",
            "reconciledDepreciation": "112036532.00",
            "ebit": "1976982806.00",
            "ebitda": "2089019338.00",
            "depreciationAndAmortization": "112036532.00",
            "nonOperatingIncomeNetOther": null,
            "operatingIncome": "1976982806.00",
            "otherOperatingExpenses": "160981697.00",
            "interestExpense": "1537992235.00",
            "taxProvision": null,
            "interestIncome": null,
            "netInterestIncome": null,
            "extraordinaryItems": null,
            "nonRecurring": null,
            "otherItems": null,
            "incomeTaxExpense": "145036051.00",
            "totalRevenue": "1816001109.00",
            "totalOperatingExpenses": "160981697.00",
            "costOfRevenue": null,
            "totalOtherIncomeExpenseNet": "-1537992235.00",
            "discontinuedOperations": null,
            "netIncomeFromContinuingOps": null,
            "netIncomeApplicableToCommonShares": null,
            "preferredStockAndOtherAdjustments": null
        },
        "1994-04-30": {
            "date": "1994-04-30",
            "filing_date": "1994-04-30",
            "currency_symbol": "CAD",
            "researchDevelopment": null,
            "effectOfAccountingCharges": null,
            "incomeBeforeTax": "433015347.00",
            "minorityInterest": null,
            "netIncome": "273054058.00",
            "sellingGeneralAdministrative": "665007604.00",
            "sellingAndMarketingExpenses": null,
            "grossProfit": "1795105766.00",
            "reconciledDepreciation": "-20246507.00",
            "ebit": "1775058759.00",
            "ebitda": "1754812252.00",
            "depreciationAndAmortization": "-20246507.00",
            "nonOperatingIncomeNetOther": null,
            "operatingIncome": "1775058759.00",
            "otherOperatingExpenses": "20047007.00",
            "interestExpense": "1342043412.00",
            "taxProvision": null,
            "interestIncome": null,
            "netInterestIncome": null,
            "extraordinaryItems": null,
            "nonRecurring": null,
            "otherItems": null,
            "incomeTaxExpense": "159961289.00",
            "totalRevenue": "1795105766.00",
            "totalOperatingExpenses": "-20047007.00",
            "costOfRevenue": null,
            "totalOtherIncomeExpenseNet": "-1342043412.00",
            "discontinuedOperations": null,
            "netIncomeFromContinuingOps": null,
            "netIncomeApplicableToCommonShares": null,
            "preferredStockAndOtherAdjustments": null
        },
        "1994-01-31": {
            "date": "1994-01-31",
            "filing_date": "1994-01-31",
            "currency_symbol": "CAD",
            "researchDevelopment": null,
            "effectOfAccountingCharges": null,
            "incomeBeforeTax": null,
            "minorityInterest": null,
            "netIncome": "287425150.00",
            "sellingGeneralAdministrative": null,
            "sellingAndMarketingExpenses": null,
            "grossProfit": null,
            "reconciledDepreciation": "68221068.00",
            "ebit": "287425150.00",
            "ebitda": "355646218.00",
            "depreciationAndAmortization": "68221068.00",
            "nonOperatingIncomeNetOther": null,
            "operatingIncome": "287425150.00",
            "otherOperatingExpenses": "287425150.00",
            "interestExpense": "1534000000.00",
            "taxProvision": null,
            "interestIncome": null,
            "netInterestIncome": null,
            "extraordinaryItems": null,
            "nonRecurring": null,
            "otherItems": null,
            "incomeTaxExpense": null,
            "totalRevenue": null,
            "totalOperatingExpenses": "287425150.00",
            "costOfRevenue": null,
            "totalOtherIncomeExpenseNet": "480000000.00",
            "discontinuedOperations": null,
            "netIncomeFromContinuingOps": null,
            "netIncomeApplicableToCommonShares": null,
            "preferredStockAndOtherAdjustments": null
        }
    },
    "yearly": {
        "2024-10-31": {
            "date": "2024-10-31",
            "filing_date": null,
            "currency_symbol": "CAD",
            "researchDevelopment": null,
            "effectOfAccountingCharges": null,
            "incomeBeforeTax": "19862000000.00",
            "minorityInterest": "-10000000.00",
            "netIncome": "16230000000.00",
            "sellingGeneralAdministrative": "21083000000.00",
            "sellingAndMarketingExpenses": null,
            "grossProfit": null,
            "reconciledDepreciation": "2981000000.00",
            "ebit": null,
            "ebitda": null,
            "depreciationAndAmortization": null,
            "nonOperatingIncomeNetOther": null,
            "operatingIncome": null,
            "otherOperatingExpenses": null,
            "interestExpense": "76998000000.00",
            "taxProvision": "3622000000.00",
            "interestIncome": "104951000000.00",
            "netInterestIncome": "27953000000.00",
            "extraordinaryItems": null,
            "nonRecurring": null,
            "otherItems": null,
            "incomeTaxExpense": null,
            "totalRevenue": "57491000000.00",
            "totalOperatingExpenses": null,
            "costOfRevenue": null,
            "totalOtherIncomeExpenseNet": null,
            "discontinuedOperations": null,
            "netIncomeFromContinuingOps": "16240000000.00",
            "netIncomeApplicableToCommonShares": "15908000000.00",
            "preferredStockAndOtherAdjustments": null
        },
        "2023-10-31": {
            "date": "2023-10-31",
            "filing_date": "2023-10-31",
            "currency_symbol": "CAD",
            "researchDevelopment": null,
            "effectOfAccountingCharges": null,
            "incomeBeforeTax": "18466000000.00",
            "minorityInterest": "-7000000.00",
            "netIncome": "14859000000.00",
            "sellingGeneralAdministrative": "3494000000.00",
            "sellingAndMarketingExpenses": "22986000000.00",
            "grossProfit": "56256000000.00",
            "reconciledDepreciation": "2870000000.00",
            "ebit": "18577000000.00",
            "ebitda": "21447000000.00",
            "depreciationAndAmortization": "2870000000.00",
            "nonOperatingIncomeNetOther": null,
            "operatingIncome": "27181000000.00",
            "otherOperatingExpenses": "26480000000.00",
            "interestExpense": "61862000000.00",
            "taxProvision": "3600000000.00",
            "interestIncome": "86991000000.00",
            "netInterestIncome": "25129000000.00",
            "extraordinaryItems": null,
            "nonRecurring": null,
            "otherItems": null,
            "incomeTaxExpense": "3600000000.00",
            "totalRevenue": "53661000000.00",
            "totalOperatingExpenses": "26480000000.00",
            "costOfRevenue": "-2595000000.00",
            "totalOtherIncomeExpenseNet": "-8715000000.00",
            "discontinuedOperations": null,
            "netIncomeFromContinuingOps": "14866000000.00",
            "netIncomeApplicableToCommonShares": "14369000000.00",
            "preferredStockAndOtherAdjustments": null
        },
        "2022-10-31": {
            "date": "2022-10-31",
            "filing_date": "2022-10-31",
            "currency_symbol": "CAD",
            "researchDevelopment": null,
            "effectOfAccountingCharges": null,
            "incomeBeforeTax": "20109000000.00",
            "minorityInterest": "-13000000.00",
            "netIncome": "15794000000.00",
            "sellingGeneralAdministrative": "18311000000.00",
            "sellingAndMarketingExpenses": null,
            "grossProfit": "48775000000.00",
            "reconciledDepreciation": "2652000000.00",
            "ebit": "19999000000.00",
            "ebitda": "22633000000.00",
            "depreciationAndAmortization": "2634000000.00",
            "nonOperatingIncomeNetOther": null,
            "operatingIncome": "38150000000.00",
            "otherOperatingExpenses": "10625000000.00",
            "interestExpense": "18054000000.00",
            "taxProvision": "4302000000.00",
            "interestIncome": "40771000000.00",
            "netInterestIncome": "22717000000.00",
            "extraordinaryItems": null,
            "nonRecurring": null,
            "otherItems": null,
            "incomeTaxExpense": "4302000000.00",
            "totalRevenue": "48775000000.00",
            "totalOperatingExpenses": "-10625000000.00",
            "costOfRevenue": null,
            "totalOtherIncomeExpenseNet": "-5618000000.00",
            "discontinuedOperations": null,
            "netIncomeFromContinuingOps": "15807000000.00",
            "netIncomeApplicableToCommonShares": "15547000000.00",
            "preferredStockAndOtherAdjustments": null
        },
        "2021-10-31": {
            "date": "2021-10-31",
            "filing_date": "2021-10-31",
            "currency_symbol": "CAD",
            "researchDevelopment": null,
            "effectOfAccountingCharges": null,
            "incomeBeforeTax": "20631000000.00",
            "minorityInterest": "-12000000.00",
            "netIncome": "16038000000.00",
            "sellingGeneralAdministrative": "20430000000.00",
            "sellingAndMarketingExpenses": null,
            "grossProfit": "49537000000.00",
            "reconciledDepreciation": "2592000000.00",
            "ebit": "20501000000.00",
            "ebitda": "23064000000.00",
            "depreciationAndAmortization": "2563000000.00",
            "nonOperatingIncomeNetOther": null,
            "operatingIncome": "20619000000.00",
            "otherOperatingExpenses": "28918000000.00",
            "interestExpense": "8143000000.00",
            "taxProvision": "4581000000.00",
            "interestIncome": "28145000000.00",
            "netInterestIncome": "20002000000.00",
            "extraordinaryItems": null,
            "nonRecurring": null,
            "otherItems": null,
            "incomeTaxExpense": "4581000000.00",
            "totalRevenue": "49537000000.00",
            "totalOperatingExpenses": "-28918000000.00",
            "costOfRevenue": null,
            "totalOtherIncomeExpenseNet": "-7424000000.00",
            "discontinuedOperations": null,
            "netIncomeFromContinuingOps": "16050000000.00",
            "netIncomeApplicableToCommonShares": "15781000000.00",
            "preferredStockAndOtherAdjustments": null
        },
        "2020-10-31": {
            "date": "2020-10-31",
            "filing_date": "2020-10-31",
            "currency_symbol": "CAD",
            "researchDevelopment": null,
            "effectOfAccountingCharges": null,
            "incomeBeforeTax": "14389000000.00",
            "minorityInterest": "103000000.00",
            "netIncome": "11432000000.00",
            "sellingGeneralAdministrative": "18935000000.00",
            "sellingAndMarketingExpenses": null,
            "grossProfit": "47104000000.00",
            "reconciledDepreciation": "2648000000.00",
            "ebit": "14312000000.00",
            "ebitda": "16918000000.00",
            "depreciationAndAmortization": "2606000000.00",
            "nonOperatingIncomeNetOther": null,
            "operatingIncome": "14384000000.00",
            "otherOperatingExpenses": "32720000000.00",
            "interestExpense": "14048000000.00",
            "taxProvision": "2952000000.00",
            "interestIncome": "34883000000.00",
            "netInterestIncome": "20835000000.00",
            "extraordinaryItems": null,
            "nonRecurring": null,
            "otherItems": null,
            "incomeTaxExpense": "2952000000.00",
            "totalRevenue": "47104000000.00",
            "totalOperatingExpenses": "-32720000000.00",
            "costOfRevenue": null,
            "totalOtherIncomeExpenseNet": "-7303000000.00",
            "discontinuedOperations": null,
            "netIncomeFromContinuingOps": "11437000000.00",
            "netIncomeApplicableToCommonShares": "11164000000.00",
            "preferredStockAndOtherAdjustments": null
        },
        "2019-10-31": {
            "date": "2019-10-31",
            "filing_date": "2019-10-31",
            "currency_symbol": "CAD",
            "researchDevelopment": null,
            "effectOfAccountingCharges": null,
            "incomeBeforeTax": "15914000000.00",
            "minorityInterest": "102000000.00",
            "netIncome": "12860000000.00",
            "sellingGeneralAdministrative": "18685000000.00",
            "sellingAndMarketingExpenses": null,
            "grossProfit": "45926000000.00",
            "reconciledDepreciation": "1934000000.00",
            "ebit": "15838000000.00",
            "ebitda": "17662000000.00",
            "depreciationAndAmortization": "1824000000.00",
            "nonOperatingIncomeNetOther": null,
            "operatingIncome": "15903000000.00",
            "otherOperatingExpenses": "30023000000.00",
            "interestExpense": "21584000000.00",
            "taxProvision": "3043000000.00",
            "interestIncome": "41333000000.00",
            "netInterestIncome": "19749000000.00",
            "extraordinaryItems": null,
            "nonRecurring": null,
            "otherItems": null,
            "incomeTaxExpense": "3043000000.00",
            "totalRevenue": "45926000000.00",
            "totalOperatingExpenses": "-30023000000.00",
            "costOfRevenue": null,
            "totalOtherIncomeExpenseNet": "-7817000000.00",
            "discontinuedOperations": null,
            "netIncomeFromContinuingOps": "12871000000.00",
            "netIncomeApplicableToCommonShares": "12591000000.00",
            "preferredStockAndOtherAdjustments": null
        },
        "2018-10-31": {
            "date": "2018-10-31",
            "filing_date": "2018-10-31",
            "currency_symbol": "CAD",
            "researchDevelopment": null,
            "effectOfAccountingCharges": null,
            "incomeBeforeTax": "15760000000.00",
            "minorityInterest": "94000000.00",
            "netIncome": "12400000000.00",
            "sellingGeneralAdministrative": "16452000000.00",
            "sellingAndMarketingExpenses": null,
            "grossProfit": "39839000000.00",
            "reconciledDepreciation": "1652000000.00",
            "ebit": "15739000000.00",
            "ebitda": "17385000000.00",
            "depreciationAndAmortization": "1646000000.00",
            "nonOperatingIncomeNetOther": null,
            "operatingIncome": "30559000000.00",
            "otherOperatingExpenses": "9280000000.00",
            "interestExpense": "14830000000.00",
            "taxProvision": "3507000000.00",
            "interestIncome": "33021000000.00",
            "netInterestIncome": "17952000000.00",
            "extraordinaryItems": "178000000.00",
            "nonRecurring": null,
            "otherItems": null,
            "incomeTaxExpense": "3329000000.00",
            "totalRevenue": "42555000000.00",
            "totalOperatingExpenses": "-9280000000.00",
            "costOfRevenue": "2716000000.00",
            "totalOtherIncomeExpenseNet": "-6154000000.00",
            "discontinuedOperations": null,
            "netIncomeFromContinuingOps": "12431000000.00",
            "netIncomeApplicableToCommonShares": "12115000000.00",
            "preferredStockAndOtherAdjustments": null
        },
        "2017-10-31": {
            "date": "2017-10-31",
            "filing_date": "2017-10-31",
            "currency_symbol": "CAD",
            "researchDevelopment": null,
            "effectOfAccountingCharges": null,
            "incomeBeforeTax": "14672000000.00",
            "minorityInterest": "599000000.00",
            "netIncome": "11428000000.00",
            "sellingGeneralAdministrative": "16383000000.00",
            "sellingAndMarketingExpenses": null,
            "grossProfit": "37069000000.00",
            "reconciledDepreciation": "1617000000.00",
            "ebit": "14337000000.00",
            "ebitda": "15952000000.00",
            "depreciationAndAmortization": "1615000000.00",
            "nonOperatingIncomeNetOther": null,
            "operatingIncome": "24395000000.00",
            "otherOperatingExpenses": "9621000000.00",
            "interestExpense": "9764000000.00",
            "taxProvision": "3203000000.00",
            "interestIncome": "26904000000.00",
            "netInterestIncome": "17140000000.00",
            "extraordinaryItems": null,
            "nonRecurring": null,
            "otherItems": null,
            "incomeTaxExpense": "3203000000.00",
            "totalRevenue": "40122000000.00",
            "totalOperatingExpenses": "-12674000000.00",
            "costOfRevenue": "3053000000.00",
            "totalOtherIncomeExpenseNet": "-6270000000.00",
            "discontinuedOperations": null,
            "netIncomeFromContinuingOps": "11469000000.00",
            "netIncomeApplicableToCommonShares": "11128000000.00",
            "preferredStockAndOtherAdjustments": null
        },
        "2016-10-31": {
            "date": "2016-10-31",
            "filing_date": "2016-10-31",
            "currency_symbol": "CAD",
            "researchDevelopment": null,
            "effectOfAccountingCharges": null,
            "incomeBeforeTax": "13299000000.00",
            "minorityInterest": "595000000.00",
            "netIncome": "10405000000.00",
            "sellingGeneralAdministrative": "15625000000.00",
            "sellingAndMarketingExpenses": null,
            "grossProfit": "34250000000.00",
            "reconciledDepreciation": null,
            "ebit": "13123000000.00",
            "ebitda": "14666000000.00",
            "depreciationAndAmortization": "1543000000.00",
            "nonOperatingIncomeNetOther": null,
            "operatingIncome": "21167000000.00",
            "otherOperatingExpenses": "9659000000.00",
            "interestExpense": "7921000000.00",
            "taxProvision": "2841000000.00",
            "interestIncome": "24452000000.00",
            "netInterestIncome": "16531000000.00",
            "extraordinaryItems": null,
            "nonRecurring": null,
            "otherItems": null,
            "incomeTaxExpense": "2841000000.00",
            "totalRevenue": "37674000000.00",
            "totalOperatingExpenses": "-13083000000.00",
            "costOfRevenue": "3424000000.00",
            "totalOtherIncomeExpenseNet": "-6544000000.00",
            "discontinuedOperations": null,
            "netIncomeFromContinuingOps": "10458000000.00",
            "netIncomeApplicableToCommonShares": "10111000000.00",
            "preferredStockAndOtherAdjustments": null
        },
        "2015-10-31": {
            "date": "2015-10-31",
            "filing_date": "2015-10-31",
            "currency_symbol": "CAD",
            "researchDevelopment": null,
            "effectOfAccountingCharges": null,
            "incomeBeforeTax": "12623000000.00",
            "minorityInterest": "1798000000.00",
            "netIncome": "9925000000.00",
            "sellingGeneralAdministrative": "14546000000.00",
            "sellingAndMarketingExpenses": null,
            "grossProfit": "32132000000.00",
            "reconciledDepreciation": null,
            "ebit": "13001000000.00",
            "ebitda": "13713000000.00",
            "depreciationAndAmortization": "712000000.00",
            "nonOperatingIncomeNetOther": null,
            "operatingIncome": "20480000000.00",
            "otherOperatingExpenses": "8612000000.00",
            "interestExpense": "7958000000.00",
            "taxProvision": "2597000000.00",
            "interestIncome": "22729000000.00",
            "netInterestIncome": "14771000000.00",
            "extraordinaryItems": null,
            "nonRecurring": null,
            "otherItems": null,
            "incomeTaxExpense": "2597000000.00",
            "totalRevenue": "35172000000.00",
            "totalOperatingExpenses": "-11652000000.00",
            "costOfRevenue": "3040000000.00",
            "totalOtherIncomeExpenseNet": "-5492000000.00",
            "discontinuedOperations": null,
            "netIncomeFromContinuingOps": "10026000000.00",
            "netIncomeApplicableToCommonShares": "9734000000.00",
            "preferredStockAndOtherAdjustments": null
        },
        "2014-10-31": {
            "date": "2014-10-31",
            "filing_date": "2014-10-31",
            "currency_symbol": "CAD",
            "researchDevelopment": null,
            "effectOfAccountingCharges": null,
            "incomeBeforeTax": "11710000000.00",
            "minorityInterest": "1813000000.00",
            "netIncome": "8910000000.00",
            "sellingGeneralAdministrative": "14604000000.00",
            "sellingAndMarketingExpenses": null,
            "grossProfit": "30373000000.00",
            "reconciledDepreciation": null,
            "ebit": "11540000000.00",
            "ebitda": "12713000000.00",
            "depreciationAndAmortization": "1173000000.00",
            "nonOperatingIncomeNetOther": null,
            "operatingIncome": "19519000000.00",
            "otherOperatingExpenses": "7281000000.00",
            "interestExpense": "7903000000.00",
            "taxProvision": null,
            "interestIncome": null,
            "netInterestIncome": null,
            "extraordinaryItems": null,
            "nonRecurring": null,
            "otherItems": null,
            "incomeTaxExpense": "2706000000.00",
            "totalRevenue": "33946000000.00",
            "totalOperatingExpenses": "-10854000000.00",
            "costOfRevenue": "3573000000.00",
            "totalOtherIncomeExpenseNet": "-6016000000.00",
            "discontinuedOperations": null,
            "netIncomeFromContinuingOps": "9004000000.00",
            "netIncomeApplicableToCommonShares": "8697000000.00",
            "preferredStockAndOtherAdjustments": null
        },
        "2013-10-31": {
            "date": "2013-10-31",
            "filing_date": "2013-10-31",
            "currency_symbol": "CAD",
            "researchDevelopment": null,
            "effectOfAccountingCharges": null,
            "incomeBeforeTax": "10617000000.00",
            "minorityInterest": null,
            "netIncome": "8331000000.00",
            "sellingGeneralAdministrative": "12974000000.00",
            "sellingAndMarketingExpenses": null,
            "grossProfit": "28077000000.00",
            "reconciledDepreciation": null,
            "ebit": "11177000000.00",
            "ebitda": "11641000000.00",
            "depreciationAndAmortization": "464000000.00",
            "nonOperatingIncomeNetOther": null,
            "operatingIncome": "18418000000.00",
            "otherOperatingExpenses": "6875000000.00",
            "interestExpense": "7899000000.00",
            "taxProvision": null,
            "interestIncome": null,
            "netInterestIncome": null,
            "extraordinaryItems": null,
            "nonRecurring": null,
            "otherItems": null,
            "incomeTaxExpense": "2188000000.00",
            "totalRevenue": "30861000000.00",
            "totalOperatingExpenses": "-9659000000.00",
            "costOfRevenue": "2784000000.00",
            "totalOtherIncomeExpenseNet": "-4721000000.00",
            "discontinuedOperations": null,
            "netIncomeFromContinuingOps": null,
            "netIncomeApplicableToCommonShares": null,
            "preferredStockAndOtherAdjustments": null
        },
        "2012-10-31": {
            "date": "2012-10-31",
            "filing_date": "2012-10-31",
            "currency_symbol": "CAD",
            "researchDevelopment": null,
            "effectOfAccountingCharges": null,
            "incomeBeforeTax": "9690000000.00",
            "minorityInterest": null,
            "netIncome": "7442000000.00",
            "sellingGeneralAdministrative": "12908000000.00",
            "sellingAndMarketingExpenses": null,
            "grossProfit": "26128000000.00",
            "reconciledDepreciation": null,
            "ebit": "10194000000.00",
            "ebitda": "10631000000.00",
            "depreciationAndAmortization": "437000000.00",
            "nonOperatingIncomeNetOther": null,
            "operatingIncome": "17896000000.00",
            "otherOperatingExpenses": "4611000000.00",
            "interestExpense": "8354000000.00",
            "taxProvision": null,
            "interestIncome": null,
            "netInterestIncome": null,
            "extraordinaryItems": null,
            "nonRecurring": null,
            "otherItems": null,
            "incomeTaxExpense": "2100000000.00",
            "totalRevenue": "29749000000.00",
            "totalOperatingExpenses": "-8232000000.00",
            "costOfRevenue": "3621000000.00",
            "totalOtherIncomeExpenseNet": "-414000000.00",
            "discontinuedOperations": null,
            "netIncomeFromContinuingOps": null,
            "netIncomeApplicableToCommonShares": null,
            "preferredStockAndOtherAdjustments": null
        },
        "2011-10-31": {
            "date": "2011-10-31",
            "filing_date": "2011-10-31",
            "currency_symbol": "CAD",
            "researchDevelopment": null,
            "effectOfAccountingCharges": null,
            "incomeBeforeTax": "8642000000.00",
            "minorityInterest": null,
            "netIncome": "4852000000.00",
            "sellingGeneralAdministrative": "12318000000.00",
            "sellingAndMarketingExpenses": null,
            "grossProfit": "24070000000.00",
            "reconciledDepreciation": null,
            "ebit": "9015000000.00",
            "ebitda": "9880000000.00",
            "depreciationAndAmortization": "865000000.00",
            "nonOperatingIncomeNetOther": null,
            "operatingIncome": "15060000000.00",
            "otherOperatingExpenses": "5650000000.00",
            "interestExpense": "8320000000.00",
            "taxProvision": null,
            "interestIncome": null,
            "netInterestIncome": null,
            "extraordinaryItems": null,
            "nonRecurring": null,
            "otherItems": null,
            "incomeTaxExpense": "1888000000.00",
            "totalRevenue": "27430000000.00",
            "totalOperatingExpenses": "-9010000000.00",
            "costOfRevenue": "3360000000.00",
            "totalOtherIncomeExpenseNet": "-116000000.00",
            "discontinuedOperations": null,
            "netIncomeFromContinuingOps": null,
            "netIncomeApplicableToCommonShares": null,
            "preferredStockAndOtherAdjustments": null
        },
        "2010-10-31": {
            "date": "2010-10-31",
            "filing_date": "2010-10-31",
            "currency_symbol": "CAD",
            "researchDevelopment": null,
            "effectOfAccountingCharges": null,
            "incomeBeforeTax": "6968000000.00",
            "minorityInterest": null,
            "netIncome": "5223000000.00",
            "sellingGeneralAdministrative": "14745000000.00",
            "sellingAndMarketingExpenses": null,
            "grossProfit": "23222000000.00",
            "reconciledDepreciation": null,
            "ebit": "7685000000.00",
            "ebitda": "8185000000.00",
            "depreciationAndAmortization": "500000000.00",
            "nonOperatingIncomeNetOther": null,
            "operatingIncome": "14565000000.00",
            "otherOperatingExpenses": "3549000000.00",
            "interestExpense": "7696000000.00",
            "taxProvision": null,
            "interestIncome": null,
            "netInterestIncome": null,
            "extraordinaryItems": null,
            "nonRecurring": null,
            "otherItems": null,
            "incomeTaxExpense": "1646000000.00",
            "totalRevenue": "28330000000.00",
            "totalOperatingExpenses": "-8657000000.00",
            "costOfRevenue": "5108000000.00",
            "totalOtherIncomeExpenseNet": "-7597000000.00",
            "discontinuedOperations": null,
            "netIncomeFromContinuingOps": null,
            "netIncomeApplicableToCommonShares": null,
            "preferredStockAndOtherAdjustments": null
        },
        "2009-10-31": {
            "date": "2009-10-31",
            "filing_date": "2009-10-31",
            "currency_symbol": "CAD",
            "researchDevelopment": null,
            "effectOfAccountingCharges": null,
            "incomeBeforeTax": "5526000000.00",
            "minorityInterest": null,
            "netIncome": "3858000000.00",
            "sellingGeneralAdministrative": "13587000000.00",
            "sellingAndMarketingExpenses": null,
            "grossProfit": "24497000000.00",
            "reconciledDepreciation": null,
            "ebit": "14463000000.00",
            "ebitda": "14852000000.00",
            "depreciationAndAmortization": "389000000.00",
            "nonOperatingIncomeNetOther": null,
            "operatingIncome": "14463000000.00",
            "otherOperatingExpenses": "5425000000.00",
            "interestExpense": "9037000000.00",
            "taxProvision": null,
            "interestIncome": null,
            "netInterestIncome": null,
            "extraordinaryItems": null,
            "nonRecurring": null,
            "otherItems": null,
            "incomeTaxExpense": "1568000000.00",
            "totalRevenue": "29106000000.00",
            "totalOperatingExpenses": "-10034000000.00",
            "costOfRevenue": "4609000000.00",
            "totalOtherIncomeExpenseNet": "-1000000000.00",
            "discontinuedOperations": null,
            "netIncomeFromContinuingOps": null,
            "netIncomeApplicableToCommonShares": null,
            "preferredStockAndOtherAdjustments": null
        },
        "2008-10-31": {
            "date": "2008-10-31",
            "filing_date": "2008-10-31",
            "currency_symbol": "CAD",
            "researchDevelopment": null,
            "effectOfAccountingCharges": null,
            "incomeBeforeTax": "6005000000.00",
            "minorityInterest": null,
            "netIncome": "4555000000.00",
            "sellingGeneralAdministrative": "9410000000.00",
            "sellingAndMarketingExpenses": null,
            "grossProfit": "19951000000.00",
            "reconciledDepreciation": null,
            "ebit": "6359000000.00",
            "ebitda": "7033000000.00",
            "depreciationAndAmortization": "674000000.00",
            "nonOperatingIncomeNetOther": null,
            "operatingIncome": "21908000000.00",
            "otherOperatingExpenses": "3588000000.00",
            "interestExpense": "15984000000.00",
            "taxProvision": null,
            "interestIncome": null,
            "netInterestIncome": null,
            "extraordinaryItems": null,
            "nonRecurring": null,
            "otherItems": null,
            "incomeTaxExpense": "1369000000.00",
            "totalRevenue": "21582000000.00",
            "totalOperatingExpenses": "1957000000.00",
            "costOfRevenue": "1631000000.00",
            "totalOtherIncomeExpenseNet": "-1027400673.00",
            "discontinuedOperations": null,
            "netIncomeFromContinuingOps": null,
            "netIncomeApplicableToCommonShares": null,
            "preferredStockAndOtherAdjustments": null
        },
        "2007-10-31": {
            "date": "2007-10-31",
            "filing_date": "2007-10-31",
            "currency_symbol": "CAD",
            "researchDevelopment": null,
            "effectOfAccountingCharges": null,
            "incomeBeforeTax": "6883927726.00",
            "minorityInterest": null,
            "netIncome": "5492384826.00",
            "sellingGeneralAdministrative": "10033109450.00",
            "sellingAndMarketingExpenses": null,
            "grossProfit": "22462397124.00",
            "reconciledDepreciation": null,
            "ebit": "25728880900.00",
            "ebitda": "26258632106.00",
            "depreciationAndAmortization": "529751206.00",
            "nonOperatingIncomeNetOther": null,
            "operatingIncome": "25728880900.00",
            "otherOperatingExpenses": "3266483776.00",
            "interestExpense": "18844953174.00",
            "taxProvision": null,
            "interestIncome": null,
            "netInterestIncome": null,
            "extraordinaryItems": null,
            "nonRecurring": null,
            "otherItems": null,
            "incomeTaxExpense": "1391542900.00",
            "totalRevenue": "22462397124.00",
            "totalOperatingExpenses": "3266483776.00",
            "costOfRevenue": null,
            "totalOtherIncomeExpenseNet": "-124000000.00",
            "discontinuedOperations": null,
            "netIncomeFromContinuingOps": null,
            "netIncomeApplicableToCommonShares": null,
            "preferredStockAndOtherAdjustments": null
        },
        "2006-10-31": {
            "date": "2006-10-31",
            "filing_date": "2006-10-31",
            "currency_symbol": "CAD",
            "researchDevelopment": null,
            "effectOfAccountingCharges": null,
            "incomeBeforeTax": "6159542242.00",
            "minorityInterest": null,
            "netIncome": "4727925502.00",
            "sellingGeneralAdministrative": "9848535847.00",
            "sellingAndMarketingExpenses": null,
            "grossProfit": "20637271402.00",
            "reconciledDepreciation": null,
            "ebit": "21538202626.00",
            "ebitda": "22019522047.00",
            "depreciationAndAmortization": "481319421.00",
            "nonOperatingIncomeNetOther": null,
            "operatingIncome": "21538202626.00",
            "otherOperatingExpenses": "900931224.00",
            "interestExpense": "15407831258.00",
            "taxProvision": null,
            "interestIncome": null,
            "netInterestIncome": null,
            "extraordinaryItems": null,
            "nonRecurring": null,
            "otherItems": null,
            "incomeTaxExpense": "1402445866.00",
            "totalRevenue": "20637271402.00",
            "totalOperatingExpenses": "900931224.00",
            "costOfRevenue": null,
            "totalOtherIncomeExpenseNet": "-15889000000.00",
            "discontinuedOperations": null,
            "netIncomeFromContinuingOps": null,
            "netIncomeApplicableToCommonShares": null,
            "preferredStockAndOtherAdjustments": null
        },
        "2005-10-31": {
            "date": "2005-10-31",
            "filing_date": "2005-10-31",
            "currency_symbol": "CAD",
            "researchDevelopment": null,
            "effectOfAccountingCharges": null,
            "incomeBeforeTax": "4714842366.00",
            "minorityInterest": null,
            "netIncome": "3387649073.00",
            "sellingGeneralAdministrative": "9391899870.00",
            "sellingAndMarketingExpenses": null,
            "grossProfit": "19215964104.00",
            "reconciledDepreciation": null,
            "ebit": "14852993270.00",
            "ebitda": "15317038612.00",
            "depreciationAndAmortization": "464045342.00",
            "nonOperatingIncomeNetOther": null,
            "operatingIncome": "14852993270.00",
            "otherOperatingExpenses": "4362970834.00",
            "interestExpense": "10187743536.00",
            "taxProvision": null,
            "interestIncome": null,
            "netInterestIncome": null,
            "extraordinaryItems": null,
            "nonRecurring": null,
            "otherItems": null,
            "incomeTaxExpense": "1277600661.00",
            "totalRevenue": "19215964104.00",
            "totalOperatingExpenses": "-4362970834.00",
            "costOfRevenue": null,
            "totalOtherIncomeExpenseNet": "-45000000.00",
            "discontinuedOperations": null,
            "netIncomeFromContinuingOps": null,
            "netIncomeApplicableToCommonShares": null,
            "preferredStockAndOtherAdjustments": null
        },
        "2004-10-31": {
            "date": "2004-10-31",
            "filing_date": "2004-10-31",
            "currency_symbol": "CAD",
            "researchDevelopment": null,
            "effectOfAccountingCharges": null,
            "incomeBeforeTax": "4049012436.00",
            "minorityInterest": null,
            "netIncome": "2817605462.00",
            "sellingGeneralAdministrative": "8978297976.00",
            "sellingAndMarketingExpenses": null,
            "grossProfit": "18121189953.00",
            "reconciledDepreciation": null,
            "ebit": "11131431358.00",
            "ebitda": "11527676176.00",
            "depreciationAndAmortization": "396244818.00",
            "nonOperatingIncomeNetOther": null,
            "operatingIncome": "11131431358.00",
            "otherOperatingExpenses": "6989758595.00",
            "interestExpense": "7082418922.00",
            "taxProvision": null,
            "interestIncome": null,
            "netInterestIncome": null,
            "extraordinaryItems": null,
            "nonRecurring": null,
            "otherItems": null,
            "incomeTaxExpense": "1231406974.00",
            "totalRevenue": "18121189953.00",
            "totalOperatingExpenses": "-6989758595.00",
            "costOfRevenue": null,
            "totalOtherIncomeExpenseNet": "-449987564.00",
            "discontinuedOperations": null,
            "netIncomeFromContinuingOps": null,
            "netIncomeApplicableToCommonShares": null,
            "preferredStockAndOtherAdjustments": null
        },
        "2003-10-31": {
            "date": "2003-10-31",
            "filing_date": "2003-10-31",
            "currency_symbol": "CAD",
            "researchDevelopment": null,
            "effectOfAccountingCharges": null,
            "incomeBeforeTax": "4465251220.00",
            "minorityInterest": null,
            "netIncome": "3005406831.00",
            "sellingGeneralAdministrative": "6448635105.00",
            "sellingAndMarketingExpenses": null,
            "grossProfit": "17417908480.00",
            "reconciledDepreciation": null,
            "ebit": "11876566003.00",
            "ebitda": "12346037189.00",
            "depreciationAndAmortization": "469471186.00",
            "nonOperatingIncomeNetOther": null,
            "operatingIncome": "11876566003.00",
            "otherOperatingExpenses": "5541342477.00",
            "interestExpense": "7411314783.00",
            "taxProvision": null,
            "interestIncome": null,
            "netInterestIncome": null,
            "extraordinaryItems": null,
            "nonRecurring": null,
            "otherItems": null,
            "incomeTaxExpense": "1459844389.00",
            "totalRevenue": "17417908480.00",
            "totalOperatingExpenses": "-5541342477.00",
            "costOfRevenue": null,
            "totalOtherIncomeExpenseNet": "-7411314783.00",
            "discontinuedOperations": null,
            "netIncomeFromContinuingOps": null,
            "netIncomeApplicableToCommonShares": null,
            "preferredStockAndOtherAdjustments": null
        },
        "2002-10-31": {
            "date": "2002-10-31",
            "filing_date": "2002-10-31",
            "currency_symbol": "CAD",
            "researchDevelopment": null,
            "effectOfAccountingCharges": null,
            "incomeBeforeTax": "4126168224.00",
            "minorityInterest": null,
            "netIncome": "2761682243.00",
            "sellingGeneralAdministrative": "6314641745.00",
            "sellingAndMarketingExpenses": null,
            "grossProfit": "15719626169.00",
            "reconciledDepreciation": null,
            "ebit": "11640186916.00",
            "ebitda": "12119937695.00",
            "depreciationAndAmortization": "479750779.00",
            "nonOperatingIncomeNetOther": null,
            "operatingIncome": "11640186916.00",
            "otherOperatingExpenses": "4079439253.00",
            "interestExpense": "7514018692.00",
            "taxProvision": null,
            "interestIncome": null,
            "netInterestIncome": null,
            "extraordinaryItems": null,
            "nonRecurring": null,
            "otherItems": null,
            "incomeTaxExpense": "1364485981.00",
            "totalRevenue": "15719626169.00",
            "totalOperatingExpenses": "-4079439253.00",
            "costOfRevenue": null,
            "totalOtherIncomeExpenseNet": "-7514018692.00",
            "discontinuedOperations": null,
            "netIncomeFromContinuingOps": null,
            "netIncomeApplicableToCommonShares": null,
            "preferredStockAndOtherAdjustments": null
        },
        "2001-10-31": {
            "date": "2001-10-31",
            "filing_date": "2001-10-31",
            "currency_symbol": "CAD",
            "researchDevelopment": null,
            "effectOfAccountingCharges": null,
            "incomeBeforeTax": "3750198381.00",
            "minorityInterest": null,
            "netIncome": "2410728456.00",
            "sellingGeneralAdministrative": "5722901127.00",
            "sellingAndMarketingExpenses": null,
            "grossProfit": "14730995081.00",
            "reconciledDepreciation": null,
            "ebit": "14540549119.00",
            "ebitda": "15213458181.00",
            "depreciationAndAmortization": "672909062.00",
            "nonOperatingIncomeNetOther": null,
            "operatingIncome": "14540549119.00",
            "otherOperatingExpenses": "190445962.00",
            "interestExpense": "10790350738.00",
            "taxProvision": null,
            "interestIncome": null,
            "netInterestIncome": null,
            "extraordinaryItems": null,
            "nonRecurring": null,
            "otherItems": null,
            "incomeTaxExpense": "1339469925.00",
            "totalRevenue": "14730995081.00",
            "totalOperatingExpenses": "-190445962.00",
            "costOfRevenue": null,
            "totalOtherIncomeExpenseNet": "-10790350738.00",
            "discontinuedOperations": null,
            "netIncomeFromContinuingOps": null,
            "netIncomeApplicableToCommonShares": null,
            "preferredStockAndOtherAdjustments": null
        },
        "2000-10-31": {
            "date": "2000-10-31",
            "filing_date": "2000-10-31",
            "currency_symbol": "CAD",
            "researchDevelopment": null,
            "effectOfAccountingCharges": null,
            "incomeBeforeTax": "3620164484.00",
            "minorityInterest": null,
            "netIncome": "2208346025.00",
            "sellingGeneralAdministrative": "4695400548.00",
            "sellingAndMarketingExpenses": null,
            "grossProfit": "11958574474.00",
            "reconciledDepreciation": null,
            "ebit": "14450197990.00",
            "ebitda": "14910143162.00",
            "depreciationAndAmortization": "459945172.00",
            "nonOperatingIncomeNetOther": null,
            "operatingIncome": "14450197990.00",
            "otherOperatingExpenses": "2491623516.00",
            "interestExpense": "10830033506.00",
            "taxProvision": null,
            "interestIncome": null,
            "netInterestIncome": null,
            "extraordinaryItems": null,
            "nonRecurring": null,
            "otherItems": null,
            "incomeTaxExpense": "1411818459.00",
            "totalRevenue": "11958574474.00",
            "totalOperatingExpenses": "2491623516.00",
            "costOfRevenue": null,
            "totalOtherIncomeExpenseNet": "-10830033506.00",
            "discontinuedOperations": null,
            "netIncomeFromContinuingOps": null,
            "netIncomeApplicableToCommonShares": null,
            "preferredStockAndOtherAdjustments": null
        },
        "1999-10-31": {
            "date": "1999-10-31",
            "filing_date": "1999-10-31",
            "currency_symbol": "CAD",
            "researchDevelopment": null,
            "effectOfAccountingCharges": null,
            "incomeBeforeTax": "2698984847.00",
            "minorityInterest": null,
            "netIncome": "1725025747.00",
            "sellingGeneralAdministrative": "4096071796.00",
            "sellingAndMarketingExpenses": null,
            "grossProfit": "10607915258.00",
            "reconciledDepreciation": null,
            "ebit": "11781962632.00",
            "ebitda": "12240988673.00",
            "depreciationAndAmortization": "459026041.00",
            "nonOperatingIncomeNetOther": null,
            "operatingIncome": "11781962632.00",
            "otherOperatingExpenses": "1174047374.00",
            "interestExpense": "9082977785.00",
            "taxProvision": null,
            "interestIncome": null,
            "netInterestIncome": null,
            "extraordinaryItems": null,
            "nonRecurring": null,
            "otherItems": null,
            "incomeTaxExpense": "973959100.00",
            "totalRevenue": "10607915258.00",
            "totalOperatingExpenses": "1174047374.00",
            "costOfRevenue": null,
            "totalOtherIncomeExpenseNet": "-9082977785.00",
            "discontinuedOperations": null,
            "netIncomeFromContinuingOps": null,
            "netIncomeApplicableToCommonShares": null,
            "preferredStockAndOtherAdjustments": null
        },
        "1998-10-31": {
            "date": "1998-10-31",
            "filing_date": "1998-10-31",
            "currency_symbol": "CAD",
            "researchDevelopment": null,
            "effectOfAccountingCharges": null,
            "incomeBeforeTax": "2999073931.00",
            "minorityInterest": null,
            "netIncome": "1824046921.00",
            "sellingGeneralAdministrative": "3594073159.00",
            "sellingAndMarketingExpenses": null,
            "grossProfit": "10049081648.00",
            "reconciledDepreciation": null,
            "ebit": "12711066522.00",
            "ebitda": "13053094613.00",
            "depreciationAndAmortization": "342028091.00",
            "nonOperatingIncomeNetOther": null,
            "operatingIncome": "12711066522.00",
            "otherOperatingExpenses": "2661984874.00",
            "interestExpense": "9711992591.00",
            "taxProvision": null,
            "interestIncome": null,
            "netInterestIncome": null,
            "extraordinaryItems": null,
            "nonRecurring": null,
            "otherItems": null,
            "incomeTaxExpense": "1175027010.00",
            "totalRevenue": "10049081648.00",
            "totalOperatingExpenses": "2661984874.00",
            "costOfRevenue": null,
            "totalOtherIncomeExpenseNet": "-9711992591.00",
            "discontinuedOperations": null,
            "netIncomeFromContinuingOps": null,
            "netIncomeApplicableToCommonShares": null,
            "preferredStockAndOtherAdjustments": null
        },
        "1997-10-31": {
            "date": "1997-10-31",
            "filing_date": "1997-10-31",
            "currency_symbol": "CAD",
            "researchDevelopment": null,
            "effectOfAccountingCharges": null,
            "incomeBeforeTax": "2769046613.00",
            "minorityInterest": null,
            "netIncome": "1679059287.00",
            "sellingGeneralAdministrative": "3365019011.00",
            "sellingAndMarketingExpenses": null,
            "grossProfit": "9278974792.00",
            "reconciledDepreciation": null,
            "ebit": "11076045627.00",
            "ebitda": "11458104492.00",
            "depreciationAndAmortization": "382058865.00",
            "nonOperatingIncomeNetOther": null,
            "operatingIncome": "11076045627.00",
            "otherOperatingExpenses": "1797070835.00",
            "interestExpense": "8306999014.00",
            "taxProvision": null,
            "interestIncome": null,
            "netInterestIncome": null,
            "extraordinaryItems": null,
            "nonRecurring": null,
            "otherItems": null,
            "incomeTaxExpense": "1089987326.00",
            "totalRevenue": "9278974792.00",
            "totalOperatingExpenses": "1797070835.00",
            "costOfRevenue": null,
            "totalOtherIncomeExpenseNet": "-8306999014.00",
            "discontinuedOperations": null,
            "netIncomeFromContinuingOps": null,
            "netIncomeApplicableToCommonShares": null,
            "preferredStockAndOtherAdjustments": null
        },
        "1996-10-31": {
            "date": "1996-10-31",
            "filing_date": "1996-10-31",
            "currency_symbol": "CAD",
            "researchDevelopment": null,
            "effectOfAccountingCharges": null,
            "incomeBeforeTax": "2309966555.00",
            "minorityInterest": null,
            "netIncome": "1429966555.00",
            "sellingGeneralAdministrative": "2850969900.00",
            "sellingAndMarketingExpenses": null,
            "grossProfit": "7911036789.00",
            "reconciledDepreciation": null,
            "ebit": "10872909699.00",
            "ebitda": "11197859532.00",
            "depreciationAndAmortization": "324949833.00",
            "nonOperatingIncomeNetOther": null,
            "operatingIncome": "10872909699.00",
            "otherOperatingExpenses": "2961872910.00",
            "interestExpense": "8562943144.00",
            "taxProvision": null,
            "interestIncome": null,
            "netInterestIncome": null,
            "extraordinaryItems": null,
            "nonRecurring": null,
            "otherItems": null,
            "incomeTaxExpense": "880000000.00",
            "totalRevenue": "7911036789.00",
            "totalOperatingExpenses": "2961872910.00",
            "costOfRevenue": null,
            "totalOtherIncomeExpenseNet": "-8562943144.00",
            "discontinuedOperations": null,
            "netIncomeFromContinuingOps": null,
            "netIncomeApplicableToCommonShares": null,
            "preferredStockAndOtherAdjustments": null
        },
        "1995-10-31": {
            "date": "1995-10-31",
            "filing_date": "1995-10-31",
            "currency_symbol": "CAD",
            "researchDevelopment": null,
            "effectOfAccountingCharges": null,
            "incomeBeforeTax": "2017132914.00",
            "minorityInterest": null,
            "netIncome": "1262080043.00",
            "sellingGeneralAdministrative": "2563110695.00",
            "sellingAndMarketingExpenses": null,
            "grossProfit": "7257127561.00",
            "reconciledDepreciation": null,
            "ebit": "10066122340.00",
            "ebitda": "10426181234.00",
            "depreciationAndAmortization": "360058894.00",
            "nonOperatingIncomeNetOther": null,
            "operatingIncome": "10066122340.00",
            "otherOperatingExpenses": "2808994779.00",
            "interestExpense": "8048989426.00",
            "taxProvision": null,
            "interestIncome": null,
            "netInterestIncome": null,
            "extraordinaryItems": null,
            "nonRecurring": null,
            "otherItems": null,
            "incomeTaxExpense": "755052871.00",
            "totalRevenue": "7257127561.00",
            "totalOperatingExpenses": "2808994779.00",
            "costOfRevenue": null,
            "totalOtherIncomeExpenseNet": "-8048989426.00",
            "discontinuedOperations": null,
            "netIncomeFromContinuingOps": null,
            "netIncomeApplicableToCommonShares": null,
            "preferredStockAndOtherAdjustments": null
        },
        "1994-10-31": {
            "date": "1994-10-31",
            "filing_date": "1994-10-31",
            "currency_symbol": "CAD",
            "researchDevelopment": null,
            "effectOfAccountingCharges": null,
            "incomeBeforeTax": "1823616935.00",
            "minorityInterest": null,
            "netIncome": "1168537806.00",
            "sellingGeneralAdministrative": "2675098066.00",
            "sellingAndMarketingExpenses": null,
            "grossProfit": "7365075072.00",
            "reconciledDepreciation": null,
            "ebit": "7892736372.00",
            "ebitda": "8227783038.00",
            "depreciationAndAmortization": "335046666.00",
            "nonOperatingIncomeNetOther": null,
            "operatingIncome": "7892736372.00",
            "otherOperatingExpenses": "527661300.00",
            "interestExpense": "6069119437.00",
            "taxProvision": null,
            "interestIncome": null,
            "netInterestIncome": null,
            "extraordinaryItems": null,
            "nonRecurring": null,
            "otherItems": null,
            "incomeTaxExpense": "655079129.00",
            "totalRevenue": "7365075072.00",
            "totalOperatingExpenses": "527661300.00",
            "costOfRevenue": null,
            "totalOtherIncomeExpenseNet": "-6069119437.00",
            "discontinuedOperations": null,
            "netIncomeFromContinuingOps": null,
            "netIncomeApplicableToCommonShares": null,
            "preferredStockAndOtherAdjustments": null
        },
        "1993-10-31": {
            "date": "1993-10-31",
            "filing_date": "1993-10-31",
            "currency_symbol": "CAD",
            "researchDevelopment": null,
            "effectOfAccountingCharges": null,
            "incomeBeforeTax": "295000000.00",
            "minorityInterest": null,
            "netIncome": "300000000.00",
            "sellingGeneralAdministrative": "2310000000.00",
            "sellingAndMarketingExpenses": null,
            "grossProfit": "6490000000.00",
            "reconciledDepreciation": null,
            "ebit": "5481000000.00",
            "ebitda": "5758000000.00",
            "depreciationAndAmortization": "277000000.00",
            "nonOperatingIncomeNetOther": null,
            "operatingIncome": "5481000000.00",
            "otherOperatingExpenses": "1009000000.00",
            "interestExpense": "5186000000.00",
            "taxProvision": null,
            "interestIncome": null,
            "netInterestIncome": null,
            "extraordinaryItems": null,
            "nonRecurring": null,
            "otherItems": null,
            "incomeTaxExpense": "-5000000.00",
            "totalRevenue": "6490000000.00",
            "totalOperatingExpenses": "-1009000000.00",
            "costOfRevenue": null,
            "totalOtherIncomeExpenseNet": "-5186000000.00",
            "discontinuedOperations": null,
            "netIncomeFromContinuingOps": null,
            "netIncomeApplicableToCommonShares": null,
            "preferredStockAndOtherAdjustments": null
        }
    }
}